3244 4710
368 265 558 358 voivuq
578 289 721 358 xxnu.
739 269 859 358 'u1sn
887 289 1015 356 sucu.
1055 327 1058 334 =
1193 263 1302 382 '1‘7'7'

30 516 33 520 Ι
145 447 149 488 z
199 411 245 492 In
262 435 365 494 natm.
380 440 419 502 9·
435 415 611 522 queritur
624 418 737 494 'male
756 415 997 522 descriptum
1020 439 1040 494 a
1064 411 1299 494 Finestiesio

125 524 453 608 'monumentum
471 587 487 628 ‚
519 529 718 634 quietior
746 533 921 608 manavit
939 555 984 608 ex
998 529 1138 616 eadem
1157 555 1300 628 caussa,

136 665 214 746 qua
240 641 309 720 aiii
336 639 513 722 eiusdem
527 641 748 744 Finestresii
767 643 1058 740 minutissimi,
1090 641 1201 747 quod
1220 645 1306 722 sci--

136 756 232 833 litet
251 779 334 836 uon
350 758 523 864 potuerit
538 781 691 864 semper
718 757 789 836 iste
817 755 988 857 digitum
1005 758 1046 834 in
1064 759 1219 834 fontem
1242 757 1300 836 in·

118 868 312 948 tendere.
345 869 420 950 Sed
435 871 616 950 erirhuic
641 870 757 950 venia
774 869 903 950 danda
929 895 1091 978 propter
1118 871 1298 970 ingenio·

135 981 331 1062 sissimam
352 988 651 1080 coniecturam,
679 1011 803 1090 quam
826 1011 911 1063 non
933 987 1063 1090 potuit
1083 984 1123 1062 in
1141 987 1218 1063 hoc
1236 992 1296 1064 Io·

135 1122 185 1176 co
201 1123 285 1176 non
303 1097 460 1176 laudare
476 1099 676 1176 Florezius
690 1153 705 1194 ‚
738 1124 858 1206 quem
886 1099 1103 1198 amemus,
1130 1119 1299 1208 utsupra

135 1207 335 1340 diximus,
362 1233 402 1290 et
420 1210 527 1316 dona¹
554 1215 763 1313 ferentem

192 1325 275 1421 Qui
291 1325 480 1404 virtutem
496 1351 597 1404 nunc
613 1325 654 1403 in
670 1309 783 1403 hoste
811 1324 986 1406 laudavit
1001 1381 1015 1424 ‚
1046 1324 1295 1406 dissimulare

131 1462 216 1518 non
235 1459 364 1544 potest
380 1468 482 1517 aaran.
502 1465 563 1516 10.
581 1438 685 1518 inter
703 1441 951 1540 Magistratus
978 1441 1152 1547 posuisse
1180 1440 1293 1518 Fine·
1351 1505 1380 1529 χ

133 1553 390 1632 εῑτεείιιηῑϊ..
415 1551 624 1633 Aufidium
649 1553 823 1636 Felicem
851 1553 1150 1633 Beneficiarium
1182 1551 1295 1634 Con-
1418 1631 1423 1642 ,

133 1666 255 1763 suus,
284 1693 404 1772 quem
435 1667 577 1745 melius
597 1668 791 1748 collocari
809 1669 980 1774 potuisse
1011 1667 1115 1746 inter
1145 1667 1295 1746 milita·

133 1779 393 1858 res'ordines'
409 1801 518 1887 putat
543 1781 780 1860 Historicus.
811 1780 1163 1860 Sed-«Finesttesius
1186 1804 1294 1860 tum-¹

132 1917 254 1998 quam
297 1898 397 1971 alter
436 1887 611 1974 Annibal
642 1893 955 1974 concedethiuc
997 1895 1152 2002 Pyrrho
1185 1893 1295 2002 peri2

131 2009 232 2085 tiam
251 2007 292 2086 in
308 2007 565 2118 disponendis
582 2009 763 2088 militum
781 2007 1013 2108 ordinibus,
1041 2033 1083 2088 et¹
1095 2007 1294 2118 capiendis

115 2119 246 2200 Iocis.

140 2291 144 2296 -
166 2272 169 2281 ’
189 2233 347 2318 Durum
364 2235 486 2315 etiam
504 2233 740 2316 Finestresio
766 2235 923 2318 videtur
938 2263 980 2315 eu
998 2236 1224 2316 Pannoniae
1250 2237 1296 2318 fia

132 2348 246 2428 nibus
278 2351 550 2431 Tarraconem
581 2349 774 2430 deducere
806 2352 1013 2458 militem,
1044 2351 1105 2428 cui
1132 2349 1294 2429 dedica-

132 2483 220 2542 tum
240 2461 391 2544 ibidem
410 2465 485 2544 fuit
503 2485 841 2562 monumentum,
872 2464 981 2572 quod
1000 2463 1207 2542 videnum.
1230 2489 1292 2540 12.

130 2577 244 2658 huius
276 2579 412 2687 capitis
440 2576 542 2686 apud
559 2576 746 2658 eumdem
763 2579 988 2658 Florezium
1003 2635 1017 2676 ‚
1046 2603 1165 2683 quem
1180 2575 1293 2654 'Pan-

130 2694 277 2774 noniae
296 2691 566 2798 longinquitas
595 2692 698 2770 nihii
726 2716 961 2772 remoratur.
992 2691 1065 2772 Sed
1083 2715 1142 2768 res
1160 2689 1213 2769 est
1232 2689 1292 2767 ui-

129 2807 206 2886 hili
219 2840 227 2886 ;
239 2805 382 2886 deinde
398 2808 451 2886 air
468 2806 686 2886 Florezius:
699 2807 850 2912 „Aqui
866 2807 931 2906 (in
948 2807 1173 2914 apographo
1187 2803 1295 2908 vide·

131 2919 480 3025 lieetfnuperrime
515 2921 744 3001 transmisso
775 2949 796 2999 a
826 2921 919 3000 Don
946 2919 1189 3022 Raymuudo
1219 2917 1293 2996 1²0⁴-

115 3054 118 3065 '
130 3033 297 3138 guetio)
317 3058 454 3111 vemos
472 3038 567 3114 faita
585 3039 622 3114 el
640 3035 820 3114 Sevirato
841 3037 928 3134 (VI
955 3036 1094 3116 VIRO
1108 3033 1291 3140 >impre-

117 3188 164 3248 ··,‚
181 3175 293 3228 soen
306 3151 350 3225 Ia
368 3146 538 3246 segunda
557 3149 635 3228 cita
648 3148 695 3227 de
712 3150 882 3227 Grutero
901 3181 909 3226 ε
931 3149 1033 3255 ique
1060 3149 1123 3226 hai
1140 3153 1177 3224 Ia
1196 3168 1291 3224 nota

107 3291 164 3364 ²3,
182 3263 231 3342 de
260 3260 484 3340 Centurion
500 3291 538 3356 7.
566 3289 621 3340 no
651 3260 846 3342 conoeida
872 3289 922 3340 en
941 3284 1059 3340 wotros
1079 3265 1179 3366 (pot
1205 3259 1292 3339 cuia

131 3413 164 3476 5,
183 3381 277 3456 salta
300 3376 560 3458 Ieintituiaba
589 3375 780 3456 Finestres
805 3375 1008 3472 soldado,
1042 3403 1095 3452 no
1114 3375 1286 3474 Oficial)

120 3527 164 3590 ’,,
186 3489 314 3572 Sirvid
329 3517 377 3568 en
397 3494 557 3569 muchas
584 3491 801 3592 Legiones:
824 3515 873 3568 en
891 3493 930 3568 Ia
950 3493 978 3569 I.
994 3490 1209 3596 Adiutrix,
1240 3515 1294 3568 eu

117 3709 120 3717 y
132 3644 167 3706 ,5
185 3611 223 3686 Ia
242 3607 292 3686 II.
309 3607 508 3706 TRaja'na
524 3661 539 3702 ,
557 3632 606 3683 en
627 3609 663 3682 Ia
681 3606 795 3684 VIII.
813 3619 1015 3716 Augusta,
1032 3629 1079 3682 en
1096 3609 1134 3683 Ia
1151 3605 1293 3682 XIIII.

130 3724 336 3819 „Gemina
356 3745 432 3798 :eu
461 3723 498 3796 la
520 3721 612 3797 VII.
636 3719 799 3801 Claudia
812 3719 867 3814 „j
898 3745 945 3798 en
975 3725 1012 3798 la
1035 3719 1126 3798 VII.
1152 3718 1291 3796 Gemel-

133 3887 165 3934 ,‚
183 3833 341 3914 larius
356 3831 404 3914 de
419 3837 480 3912 Ios
497 3834 812 4028 singularesidel
838 3833 1083 3942 Emperador
1105 3833 1181 4024 (dp
1215 3856 1295 3936 que
1350 3925 1352 3928 ι
1462 3823 1465 3828 .

247 4009 250 4014 ’
1119 4001 1151 4046 ,,
1179 3973 1238 4028 ia·
