<?xml version="1.0" encoding="UTF-8"?>
<!DOCTYPE html PUBLIC "-//W3C//DTD XHTML 1.0 Transitional//EN"
    "http://www.w3.org/TR/xhtml1/DTD/xhtml1-transitional.dtd">
<html xmlns="http://www.w3.org/1999/xhtml" xml:lang="en" lang="en">
 <head>
  <title>
</title>
<meta http-equiv="Content-Type" content="text/html;charset=utf-8" />
  <meta name='ocr-system' content='tesseract 3.04.00' />
  <meta name='ocr-capabilities' content='ocr_page ocr_carea ocr_par ocr_line ocrx_word'/>
</head>
<body>
  <div class='ocr_page' id='page_1' title='image "./finestresivsvin00bassgoog/finestresivsvin00bassgoog_0054.png"; bbox 0 0 3244 4672; ppageno 0'>
   <div class='ocr_carea' id='block_1_1' title="bbox 258 292 1303 398">
    <p class='ocr_par' dir='ltr' id='par_1_1' title="bbox 258 292 1303 398">
     <span class='ocr_line' id='line_1_1' title="bbox 258 292 1303 398; baseline 0.008 -30"><span class='ocrx_word' id='word_1_1' title='bbox 258 354 265 368; x_wconf 94' lang='lat'><em>.</em></span> <span class='ocrx_word' id='word_1_2' title='bbox 379 305 578 376; x_wconf 79' lang='lat' dir='ltr'>uotvut.</span> <span class='ocrx_word' id='word_1_3' title='bbox 601 305 746 376; x_wconf 84' lang='lat' dir='ltr'>xxrrrr.</span> <span class='ocrx_word' id='word_1_4' title='bbox 776 307 888 376; x_wconf 82' lang='lat' dir='ltr'>msr.</span> <span class='ocrx_word' id='word_1_5' title='bbox 916 307 1045 376; x_wconf 79' lang='lat' dir='ltr'>sset.</span> <span class='ocrx_word' id='word_1_6' title='bbox 1234 292 1303 398; x_wconf 79' lang='lat'>27</span> 
     </span>
    </p>
   </div>
   <div class='ocr_carea' id='block_1_2' title="bbox 29 425 1408 2950">
    <p class='ocr_par' dir='ltr' id='par_1_2' title="bbox 29 425 1408 2950">
     <span class='ocr_line' id='line_1_2' title="bbox 142 425 1303 538; baseline -0.003 -18"><span class='ocrx_word' id='word_1_7' title='bbox 142 425 396 530; x_wconf 56' lang='lat' dir='ltr'>&amp;minutim</span> <span class='ocrx_word' id='word_1_8' title='bbox 416 433 498 514; x_wconf 86' lang='lat' dir='ltr'>nisi</span> <span class='ocrx_word' id='word_1_9' title='bbox 517 433 716 514; x_wconf 86' lang='lat' dir='ltr'>lacessitus</span> <span class='ocrx_word' id='word_1_10' title='bbox 737 425 961 515; x_wconf 82' lang='lat' dir='ltr'>aFiorezio</span> <span class='ocrx_word' id='word_1_11' title='bbox 980 431 1117 516; x_wconf 83' lang='lat' dir='ltr'>venite</span> <span class='ocrx_word' id='word_1_12' title='bbox 1138 455 1303 538; x_wconf 79' lang='lat' dir='ltr'>cogeret</span> 
     </span>
     <span class='ocr_line' id='line_1_3' title="bbox 142 547 1305 662; baseline -0.002 -28"><span class='ocrx_word' id='word_1_13' title='bbox 142 554 190 634; x_wconf 88' lang='lat' dir='ltr'>in</span> <span class='ocrx_word' id='word_1_14' title='bbox 206 553 290 630; x_wconf 86' lang='lat' dir='ltr'>hoe</span> <span class='ocrx_word' id='word_1_15' title='bbox 316 571 623 649; x_wconf 77' lang='lat' dir='ltr'>argumentum,</span> <span class='ocrx_word' id='word_1_16' title='bbox 654 548 764 655; x_wconf 91' lang='lat' dir='ltr'>quod</span> <span class='ocrx_word' id='word_1_17' title='bbox 784 575 806 631; x_wconf 88' lang='lat' dir='ltr'>a</span> <span class='ocrx_word' id='word_1_18' title='bbox 824 575 892 629; x_wconf 90' lang='lat' dir='ltr'>me</span> <span class='ocrx_word' id='word_1_19' title='bbox 913 547 1134 630; x_wconf 78' lang='lat' dir='ltr'>necessario</span> <span class='ocrx_word' id='word_1_20' title='bbox 1154 571 1305 662; x_wconf 84' lang='lat' dir='ltr'>pertra-</span> 
     </span>
     <span class='ocr_line' id='line_1_4' title="bbox 143 662 1303 774; baseline -0.006 -24"><span class='ocrx_word' id='word_1_21' title='bbox 143 662 336 750; x_wconf 84' lang='lat' dir='ltr'>ctandum</span> <span class='ocrx_word' id='word_1_22' title='bbox 355 685 438 764; x_wconf 86' lang='lat' dir='ltr'>est,</span> <span class='ocrx_word' id='word_1_23' title='bbox 456 683 666 770; x_wconf 85' lang='lat' dir='ltr'>antequam</span> <span class='ocrx_word' id='word_1_24' title='bbox 686 685 861 744; x_wconf 83' lang='lat' dir='ltr'>caussam</span> <span class='ocrx_word' id='word_1_25' title='bbox 878 665 1099 744; x_wconf 88' lang='lat' dir='ltr'>Finesttesii</span> <span class='ocrx_word' id='word_1_26' title='bbox 1118 663 1303 774; x_wconf 85' lang='lat' dir='ltr'>prodant.</span> 
     </span>
     <span class='ocr_line' id='line_1_5' title="bbox 144 775 1303 883; baseline -0.003 -20"><span class='ocrx_word' id='word_1_27' title='bbox 144 783 222 864; x_wconf 88' lang='lat' dir='ltr'>Ille</span> <span class='ocrx_word' id='word_1_28' title='bbox 248 777 360 859; x_wconf 89' lang='lat' dir='ltr'>enim</span> <span class='ocrx_word' id='word_1_29' title='bbox 372 833 388 876; x_wconf 94' lang='lat'>,</span> <span class='ocrx_word' id='word_1_30' title='bbox 417 775 485 883; x_wconf 91' lang='lat' dir='ltr'>qui</span> <span class='ocrx_word' id='word_1_31' title='bbox 513 777 769 883; x_wconf 88' lang='lat' dir='ltr'>conqueritur</span> <span class='ocrx_word' id='word_1_32' title='bbox 785 781 858 881; x_wconf 86' lang='lat' dir='ltr'>(t)</span> <span class='ocrx_word' id='word_1_33' title='bbox 882 783 1112 881; x_wconf 87' lang='lat' dir='ltr'>neglectum</span> <span class='ocrx_word' id='word_1_34' title='bbox 1136 801 1179 860; x_wconf 87' lang='lat' dir='ltr'>et</span> <span class='ocrx_word' id='word_1_35' title='bbox 1203 801 1303 859; x_wconf 79' lang='lat' dir='ltr'>con·</span> 
     </span>
     <span class='ocr_line' id='line_1_6' title="bbox 143 891 1310 1003; baseline -0.006 -27"><span class='ocrx_word' id='word_1_36' title='bbox 143 915 348 1003; x_wconf 87' lang='lat' dir='ltr'>temptum</span> <span class='ocrx_word' id='word_1_37' title='bbox 370 920 390 972; x_wconf 89' lang='lat' dir='ltr'>a</span> <span class='ocrx_word' id='word_1_38' title='bbox 412 893 648 972; x_wconf 89' lang='lat' dir='ltr'>Finesttesio</span> <span class='ocrx_word' id='word_1_39' title='bbox 670 893 891 992; x_wconf 83' lang='lat' dir='ltr'>ordinem,</span> <span class='ocrx_word' id='word_1_40' title='bbox 915 917 1035 998; x_wconf 89' lang='lat' dir='ltr'>quem</span> <span class='ocrx_word' id='word_1_41' title='bbox 1058 895 1159 974; x_wconf 85' lang='lat' dir='ltr'>facta</span> <span class='ocrx_word' id='word_1_42' title='bbox 1182 891 1310 1002; x_wconf 69' lang='lat' dir='ltr'>patti-¹</span> 
     </span>
     <span class='ocr_line' id='line_1_7' title="bbox 143 1003 1308 1118; baseline -0.005 -27"><span class='ocrx_word' id='word_1_43' title='bbox 143 1011 258 1090; x_wconf 91' lang='lat' dir='ltr'>tione</span> <span class='ocrx_word' id='word_1_44' title='bbox 277 1003 409 1118; x_wconf 88' lang='lat' dir='ltr'>operis</span> <span class='ocrx_word' id='word_1_45' title='bbox 430 1005 503 1086; x_wconf 89' lang='lat' dir='ltr'>sibi</span> <span class='ocrx_word' id='word_1_46' title='bbox 528 1007 744 1088; x_wconf 73' lang='lat' dir='ltr'>aeneadum</span> <span class='ocrx_word' id='word_1_47' title='bbox 766 1029 1054 1118; x_wconf 88' lang='lat' dir='ltr'>proposuerat,</span> <span class='ocrx_word' id='word_1_48' title='bbox 1083 1005 1213 1086; x_wconf 87' lang='lat' dir='ltr'>audiat</span> <span class='ocrx_word' id='word_1_49' title='bbox 1235 1023 1308 1086; x_wconf 58' lang='lat' dir='ltr'>nei</span> 
     </span>
     <span class='ocr_line' id='line_1_8' title="bbox 29 1117 1308 1233; baseline -0.005 -26"><span class='ocrx_word' id='word_1_50' title='bbox 29 1216 37 1233; x_wconf 51' lang='lat'>‚</span> <span class='ocrx_word' id='word_1_51' title='bbox 145 1147 249 1208; x_wconf 85' lang='lat' dir='ltr'>cesse</span> <span class='ocrx_word' id='word_1_52' title='bbox 271 1143 354 1222; x_wconf 88' lang='lat' dir='ltr'>est,</span> <span class='ocrx_word' id='word_1_53' title='bbox 377 1147 416 1202; x_wconf 93' lang='lat' dir='ltr'>se</span> <span class='ocrx_word' id='word_1_54' title='bbox 435 1117 608 1230; x_wconf 85' lang='lat' dir='ltr'>quidem</span> <span class='ocrx_word' id='word_1_55' title='bbox 626 1119 668 1200; x_wconf 93' lang='lat' dir='ltr'>in</span> <span class='ocrx_word' id='word_1_56' title='bbox 688 1124 763 1203; x_wconf 86' lang='lat' dir='ltr'>hac</span> <span class='ocrx_word' id='word_1_57' title='bbox 785 1149 825 1204; x_wconf 92' lang='lat' dir='ltr'>te</span> <span class='ocrx_word' id='word_1_58' title='bbox 853 1124 1050 1202; x_wconf 87' lang='lat' dir='ltr'>nonsatis</span> <span class='ocrx_word' id='word_1_59' title='bbox 1075 1123 1189 1202; x_wconf 89' lang='lat' dir='ltr'>fuisse</span> <span class='ocrx_word' id='word_1_60' title='bbox 1212 1121 1308 1200; x_wconf 80' lang='lat' dir='ltr'>diti-</span> 
     </span>
     <span class='ocr_line' id='line_1_9' title="bbox 143 1234 1306 1344; baseline -0.002 -26"><span class='ocrx_word' id='word_1_61' title='bbox 143 1260 319 1344; x_wconf 83' lang='lat' dir='ltr'>gentem.</span> <span class='ocrx_word' id='word_1_62' title='bbox 346 1235 458 1343; x_wconf 82' lang='lat' dir='ltr'>Nant</span> <span class='ocrx_word' id='word_1_63' title='bbox 480 1255 605 1342; x_wconf 88' lang='lat' dir='ltr'>quum</span> <span class='ocrx_word' id='word_1_64' title='bbox 623 1234 666 1314; x_wconf 93' lang='lat' dir='ltr'>in</span> <span class='ocrx_word' id='word_1_65' title='bbox 690 1241 865 1344; x_wconf 83' lang='lat' dir='ltr'>prologo</span> <span class='ocrx_word' id='word_1_66' title='bbox 889 1239 985 1316; x_wconf 82' lang='lat' dir='ltr'>haec</span> <span class='ocrx_word' id='word_1_67' title='bbox 1006 1242 1185 1338; x_wconf 81' lang='lat' dir='ltr'>legantur</span> <span class='ocrx_word' id='word_1_68' title='bbox 1200 1269 1216 1315; x_wconf 75' lang='lat' dir='ltr'>a</span> <span class='ocrx_word' id='word_1_69' title='bbox 1234 1291 1265 1334; x_wconf 86' lang='lat'>,‚</span> <span class='ocrx_word' id='word_1_70' title='bbox 1289 1235 1306 1316; x_wconf 89' lang='lat' dir='ltr'>i</span> 
     </span>
     <span class='ocr_line' id='line_1_10' title="bbox 143 1349 1305 1460; baseline -0.002 -28"><span class='ocrx_word' id='word_1_71' title='bbox 143 1407 178 1455; x_wconf 92' lang='lat'>„</span> <span class='ocrx_word' id='word_1_72' title='bbox 196 1374 329 1434; x_wconf 83' lang='lat' dir='ltr'>acetca</span> <span class='ocrx_word' id='word_1_73' title='bbox 348 1351 403 1432; x_wconf 89' lang='lat' dir='ltr'>de</span> <span class='ocrx_word' id='word_1_74' title='bbox 421 1355 507 1430; x_wconf 88' lang='lat' dir='ltr'>ello</span> <span class='ocrx_word' id='word_1_75' title='bbox 522 1373 724 1460; x_wconf 82' lang='lat' dir='ltr'>prevengo</span> <span class='ocrx_word' id='word_1_76' title='bbox 734 1406 750 1450; x_wconf 90' lang='lat'>,</span> <span class='ocrx_word' id='word_1_77' title='bbox 774 1377 850 1458; x_wconf 89' lang='lat' dir='ltr'>que</span> <span class='ocrx_word' id='word_1_78' title='bbox 869 1373 1029 1456; x_wconf 84' lang='lat' dir='ltr'>quantas</span> <span class='ocrx_word' id='word_1_79' title='bbox 1048 1349 1305 1458; x_wconf 82' lang='lat' dir='ltr'>(inscriptio-</span> 
     </span>
     <span class='ocr_line' id='line_1_11' title="bbox 144 1464 1307 1573; baseline -0.002 -27"><span class='ocrx_word' id='word_1_80' title='bbox 144 1521 178 1570; x_wconf 89' lang='lat'><em>„</em></span> <span class='ocrx_word' id='word_1_81' title='bbox 196 1471 293 1570; x_wconf 80' lang='lat' dir='ltr'>nes)</span> <span class='ocrx_word' id='word_1_82' title='bbox 311 1492 453 1548; x_wconf 80' lang='lat' dir='ltr'>tanen</span> <span class='ocrx_word' id='word_1_83' title='bbox 477 1469 533 1546; x_wconf 84' lang='lat' dir='ltr'>las</span> <span class='ocrx_word' id='word_1_84' title='bbox 553 1467 691 1573; x_wconf 86' lang='lat' dir='ltr'>planas</span> <span class='ocrx_word' id='word_1_85' title='bbox 707 1489 785 1548; x_wconf 84' lang='lat' dir='ltr'>con</span> <span class='ocrx_word' id='word_1_86' title='bbox 807 1469 1032 1573; x_wconf 82' lang='lat' dir='ltr'>separation</span> <span class='ocrx_word' id='word_1_87' title='bbox 1050 1464 1100 1546; x_wconf 85' lang='lat' dir='ltr'>de</span> <span class='ocrx_word' id='word_1_88' title='bbox 1119 1469 1159 1546; x_wconf 91' lang='lat' dir='ltr'>la</span> <span class='ocrx_word' id='word_1_89' title='bbox 1181 1483 1307 1544; x_wconf 85' lang='lat' dir='ltr'>mute·</span> 
     </span>
     <span class='ocr_line' id='line_1_12' title="bbox 144 1575 1308 1688; baseline 0 -29"><span class='ocrx_word' id='word_1_90' title='bbox 144 1637 178 1683; x_wconf 92' lang='lat'>„</span> <span class='ocrx_word' id='word_1_91' title='bbox 198 1582 254 1660; x_wconf 91' lang='lat' dir='ltr'>tia</span> <span class='ocrx_word' id='word_1_92' title='bbox 265 1637 281 1680; x_wconf 89' lang='lat'><em>‚</em></span> <span class='ocrx_word' id='word_1_93' title='bbox 300 1581 312 1659; x_wconf 97' lang='lat' dir='ltr'>i</span> <span class='ocrx_word' id='word_1_94' title='bbox 332 1583 454 1664; x_wconf 85' lang='lat' dir='ltr'>lineas</span> <span class='ocrx_word' id='word_1_95' title='bbox 469 1579 519 1660; x_wconf 91' lang='lat' dir='ltr'>de</span> <span class='ocrx_word' id='word_1_96' title='bbox 536 1577 639 1659; x_wconf 93' lang='lat' dir='ltr'>todo</span> <span class='ocrx_word' id='word_1_97' title='bbox 653 1583 691 1660; x_wconf 92' lang='lat' dir='ltr'>el</span> <span class='ocrx_word' id='word_1_98' title='bbox 705 1581 839 1676; x_wconf 88' lang='lat' dir='ltr'>libro,</span> <span class='ocrx_word' id='word_1_99' title='bbox 857 1601 954 1662; x_wconf 84' lang='lat' dir='ltr'>estas</span> <span class='ocrx_word' id='word_1_100' title='bbox 972 1605 1047 1658; x_wconf 91' lang='lat' dir='ltr'>son</span> <span class='ocrx_word' id='word_1_101' title='bbox 1065 1579 1243 1688; x_wconf 87' lang='lat' dir='ltr'>proprias</span> <span class='ocrx_word' id='word_1_102' title='bbox 1255 1575 1308 1660; x_wconf 80' lang='lat' dir='ltr'>de</span> 
     </span>
     <span class='ocr_line' id='line_1_13' title="bbox 144 1689 1308 1801; baseline 0.002 -29"><span class='ocrx_word' id='word_1_103' title='bbox 144 1751 179 1796; x_wconf 86' lang='lat'>,‚</span> <span class='ocrx_word' id='word_1_104' title='bbox 197 1693 445 1798; x_wconf 81' lang='lat' dir='ltr'>Tarragona,</span> <span class='ocrx_word' id='word_1_105' title='bbox 458 1693 628 1792; x_wconf 83' lang='lat' dir='ltr'>erigidas</span> <span class='ocrx_word' id='word_1_106' title='bbox 644 1689 730 1791; x_wconf 87' lang='lat' dir='ltr'>alli,</span> <span class='ocrx_word' id='word_1_107' title='bbox 743 1695 756 1773; x_wconf 95' lang='lat' dir='ltr'>i</span> <span class='ocrx_word' id='word_1_108' title='bbox 771 1692 995 1801; x_wconf 86' lang='lat' dir='ltr'>publieadas</span> <span class='ocrx_word' id='word_1_109' title='bbox 1008 1719 1058 1774; x_wconf 94' lang='lat' dir='ltr'>en</span> <span class='ocrx_word' id='word_1_110' title='bbox 1072 1699 1308 1774; x_wconf 76' lang='lat' dir='ltr'>losautotet</span> 
     </span>
     <span class='ocr_line' id='line_1_14' title="bbox 147 1806 1309 1920; baseline -0.004 -30"><span class='ocrx_word' id='word_1_111' title='bbox 147 1859 182 1909; x_wconf 86' lang='lat'>,‚</span> <span class='ocrx_word' id='word_1_112' title='bbox 202 1808 267 1890; x_wconf 90' lang='lat' dir='ltr'>del</span> <span class='ocrx_word' id='word_1_113' title='bbox 282 1807 506 1920; x_wconf 73' lang='lat' dir='ltr'>Cuerpo&#39;de</span> <span class='ocrx_word' id='word_1_114' title='bbox 523 1806 811 1916; x_wconf 83' lang='lat' dir='ltr'>Inscriptiones</span> <span class='ocrx_word' id='word_1_115' title='bbox 830 1831 954 1888; x_wconf 87' lang='lat' dir='ltr'>como</span> <span class='ocrx_word' id='word_1_116' title='bbox 967 1829 1119 1916; x_wconf 91' lang='lat' dir='ltr'>puestas</span> <span class='ocrx_word' id='word_1_117' title='bbox 1133 1831 1183 1886; x_wconf 90' lang='lat' dir='ltr'>en</span> <span class='ocrx_word' id='word_1_118' title='bbox 1200 1827 1309 1886; x_wconf 84' lang='lat' dir='ltr'>nues·</span> 
     </span>
     <span class='ocr_line' id='line_1_15' title="bbox 146 1921 1309 2034; baseline -0.003 -31"><span class='ocrx_word' id='word_1_119' title='bbox 146 1955 180 2024; x_wconf 86' lang='lat'>,·,</span> <span class='ocrx_word' id='word_1_120' title='bbox 198 1945 258 2006; x_wconf 86' lang='lat' dir='ltr'>tra</span> <span class='ocrx_word' id='word_1_121' title='bbox 274 1924 458 2034; x_wconf 76' lang='lat' dir='ltr'>Capitol,</span> <span class='ocrx_word' id='word_1_122' title='bbox 476 1949 631 2030; x_wconf 85' lang='lat' dir='ltr'>auoque</span> <span class='ocrx_word' id='word_1_123' title='bbox 644 1922 687 2001; x_wconf 94' lang='lat' dir='ltr'>io</span> <span class='ocrx_word' id='word_1_124' title='bbox 702 1925 816 2003; x_wconf 90' lang='lat' dir='ltr'>nolo</span> <span class='ocrx_word' id='word_1_125' title='bbox 830 1921 985 2004; x_wconf 82' lang='lat' dir='ltr'>deciate</span> <span class='ocrx_word' id='word_1_126' title='bbox 1004 1923 1195 2030; x_wconf 80' lang='lat' dir='ltr'>siempte:</span> <span class='ocrx_word' id='word_1_127' title='bbox 1210 1943 1309 2030; x_wconf 87' lang='lat' dir='ltr'>por-</span> 
     </span>
     <span class='ocr_line' id='line_1_16' title="bbox 146 2029 1408 2148; baseline -0.003 -28"><span class='ocrx_word' id='word_1_128' title='bbox 146 2086 180 2138; x_wconf 79' lang='lat'>„</span> <span class='ocrx_word' id='word_1_129' title='bbox 198 2065 275 2146; x_wconf 87' lang='lat' dir='ltr'>que</span> <span class='ocrx_word' id='word_1_130' title='bbox 295 2065 387 2148; x_wconf 85' lang='lat' dir='ltr'>para</span> <span class='ocrx_word' id='word_1_131' title='bbox 404 2035 695 2118; x_wconf 85' lang='lat' dir='ltr'>distintionde</span> <span class='ocrx_word' id='word_1_132' title='bbox 716 2038 842 2115; x_wconf 90' lang='lat' dir='ltr'>unasi</span> <span class='ocrx_word' id='word_1_133' title='bbox 865 2059 972 2116; x_wconf 84' lang='lat' dir='ltr'>otras</span> <span class='ocrx_word' id='word_1_134' title='bbox 995 2063 1072 2118; x_wconf 90' lang='lat' dir='ltr'>van</span> <span class='ocrx_word' id='word_1_135' title='bbox 1098 2041 1155 2117; x_wconf 89' lang='lat' dir='ltr'>las</span> <span class='ocrx_word' id='word_1_136' title='bbox 1181 2029 1310 2116; x_wconf 82' lang='lat' dir='ltr'>foras·</span> <span class='ocrx_word' id='word_1_137' title='bbox 1405 2075 1408 2082; x_wconf 49' lang='lat'><strong>⁴</strong></span> 
     </span>
     <span class='ocr_line' id='line_1_17' title="bbox 146 2149 1306 2262; baseline 0.004 -31"><span class='ocrx_word' id='word_1_138' title='bbox 146 2199 181 2251; x_wconf 87' lang='lat'>„</span> <span class='ocrx_word' id='word_1_139' title='bbox 197 2174 299 2231; x_wconf 87' lang='lat' dir='ltr'>teras</span> <span class='ocrx_word' id='word_1_140' title='bbox 315 2153 571 2262; x_wconf 78' lang='lat' dir='ltr'>impresasen</span> <span class='ocrx_word' id='word_1_141' title='bbox 588 2154 632 2228; x_wconf 87' lang='lat' dir='ltr'>el</span> <span class='ocrx_word' id='word_1_142' title='bbox 650 2170 760 2228; x_wconf 87' lang='lat' dir='ltr'>texto</span> <span class='ocrx_word' id='word_1_143' title='bbox 778 2149 839 2228; x_wconf 88' lang='lat' dir='ltr'>sin</span> <span class='ocrx_word' id='word_1_144' title='bbox 855 2152 1083 2260; x_wconf 82' lang='lat' dir='ltr'>separation</span> <span class='ocrx_word' id='word_1_145' title='bbox 1101 2149 1151 2230; x_wconf 92' lang='lat' dir='ltr'>de</span> <span class='ocrx_word' id='word_1_146' title='bbox 1169 2151 1306 2235; x_wconf 80' lang='lat' dir='ltr'>lineas:</span> 
     </span>
     <span class='ocr_line' id='line_1_18' title="bbox 146 2257 1309 2374; baseline 0.001 -31"><span class='ocrx_word' id='word_1_147' title='bbox 146 2265 214 2367; x_wconf 92' lang='lat' dir='ltr'>„i</span> <span class='ocrx_word' id='word_1_148' title='bbox 239 2262 391 2345; x_wconf 79' lang='lat' dir='ltr'>deesse</span> <span class='ocrx_word' id='word_1_149' title='bbox 417 2261 547 2343; x_wconf 92' lang='lat' dir='ltr'>modo</span> <span class='ocrx_word' id='word_1_150' title='bbox 573 2257 787 2343; x_wconf 71' lang='lat' dir='ltr'>conticetis</span> <span class='ocrx_word' id='word_1_151' title='bbox 817 2291 840 2343; x_wconf 90' lang='lat' dir='ltr'>a</span> <span class='ocrx_word' id='word_1_152' title='bbox 869 2269 908 2344; x_wconf 86' lang='lat' dir='ltr'>la</span> <span class='ocrx_word' id='word_1_153' title='bbox 933 2263 1107 2374; x_wconf 81' lang='lat' dir='ltr'>ptimeta</span> <span class='ocrx_word' id='word_1_154' title='bbox 1128 2265 1233 2344; x_wconf 88' lang='lat' dir='ltr'>vista</span> <span class='ocrx_word' id='word_1_155' title='bbox 1251 2265 1309 2344; x_wconf 85' lang='lat' dir='ltr'>las</span> 
     </span>
     <span class='ocr_line' id='line_1_19' title="bbox 148 2379 1311 2488; baseline 0 -31"><span class='ocrx_word' id='word_1_156' title='bbox 148 2425 183 2480; x_wconf 86' lang='lat'>„</span> <span class='ocrx_word' id='word_1_157' title='bbox 201 2381 396 2488; x_wconf 88' lang='lat' dir='ltr'>proprias,</span> <span class='ocrx_word' id='word_1_158' title='bbox 410 2407 437 2486; x_wconf 90' lang='lat' dir='ltr'>y</span> <span class='ocrx_word' id='word_1_159' title='bbox 452 2383 508 2456; x_wconf 83' lang='lat' dir='ltr'>las</span> <span class='ocrx_word' id='word_1_160' title='bbox 521 2379 712 2456; x_wconf 79' lang='lat' dir='ltr'>esttat‘tas:</span> <span class='ocrx_word' id='word_1_161' title='bbox 729 2403 880 2486; x_wconf 90' lang='lat' dir='ltr'>potque</span> <span class='ocrx_word' id='word_1_162' title='bbox 894 2403 1057 2486; x_wconf 86' lang='lat' dir='ltr'>quantas</span> <span class='ocrx_word' id='word_1_163' title='bbox 1073 2403 1147 2460; x_wconf 88' lang='lat' dir='ltr'>van</span> <span class='ocrx_word' id='word_1_164' title='bbox 1161 2403 1311 2486; x_wconf 81' lang='lat' dir='ltr'>separa·</span> 
     </span>
     <span class='ocr_line' id='line_1_20' title="bbox 150 2489 1311 2600; baseline -0.002 -26"><span class='ocrx_word' id='word_1_165' title='bbox 150 2537 183 2593; x_wconf 68' lang='lat'>2,</span> <span class='ocrx_word' id='word_1_166' title='bbox 202 2493 270 2573; x_wconf 88' lang='lat' dir='ltr'>das</span> <span class='ocrx_word' id='word_1_167' title='bbox 284 2493 354 2574; x_wconf 89' lang='lat' dir='ltr'>del</span> <span class='ocrx_word' id='word_1_168' title='bbox 375 2495 543 2596; x_wconf 83' lang='lat' dir='ltr'>tenglon</span> <span class='ocrx_word' id='word_1_169' title='bbox 561 2489 795 2600; x_wconf 84' lang='lat' dir='ltr'>precedente</span> <span class='ocrx_word' id='word_1_170' title='bbox 815 2517 887 2572; x_wconf 86' lang='lat' dir='ltr'>son</span> <span class='ocrx_word' id='word_1_171' title='bbox 906 2493 956 2572; x_wconf 89' lang='lat' dir='ltr'>de</span> <span class='ocrx_word' id='word_1_172' title='bbox 972 2493 1225 2594; x_wconf 81' lang='lat' dir='ltr'>Tartagona:</span> <span class='ocrx_word' id='word_1_173' title='bbox 1252 2497 1311 2572; x_wconf 86' lang='lat' dir='ltr'>las</span> 
     </span>
     <span class='ocr_line' id='line_1_21' title="bbox 150 2605 1311 2714; baseline -0.001 -27"><span class='ocrx_word' id='word_1_174' title='bbox 150 2637 183 2709; x_wconf 71' lang='lat'>3,</span> <span class='ocrx_word' id='word_1_175' title='bbox 201 2607 338 2690; x_wconf 89' lang='lat' dir='ltr'>demas</span> <span class='ocrx_word' id='word_1_176' title='bbox 359 2631 479 2689; x_wconf 87' lang='lat' dir='ltr'>toean</span> <span class='ocrx_word' id='word_1_177' title='bbox 505 2628 656 2688; x_wconf 84' lang='lat' dir='ltr'>aottas</span> <span class='ocrx_word' id='word_1_178' title='bbox 680 2605 887 2706; x_wconf 81' lang='lat' dir='ltr'>cindados,</span> <span class='ocrx_word' id='word_1_179' title='bbox 902 2615 934 2678; x_wconf 79' lang='lat'>“-</span> <span class='ocrx_word' id='word_1_180' title='bbox 948 2605 1311 2714; x_wconf 84' lang='lat' dir='ltr'>miraberisptofe·</span> 
     </span>
     <span class='ocr_line' id='line_1_22' title="bbox 153 2719 1312 2831; baseline -0.001 -27"><span class='ocrx_word' id='word_1_181' title='bbox 153 2745 222 2804; x_wconf 84' lang='lat' dir='ltr'>cto</span> <span class='ocrx_word' id='word_1_182' title='bbox 241 2721 520 2807; x_wconf 86' lang='lat' dir='ltr'>doctissimum</span> <span class='ocrx_word' id='word_1_183' title='bbox 539 2722 678 2802; x_wconf 90' lang='lat' dir='ltr'>virum·</span> <span class='ocrx_word' id='word_1_184' title='bbox 688 2721 866 2802; x_wconf 88' lang='lat' dir='ltr'>oblitum</span> <span class='ocrx_word' id='word_1_185' title='bbox 885 2719 998 2801; x_wconf 90' lang='lat' dir='ltr'>huius</span> <span class='ocrx_word' id='word_1_186' title='bbox 1015 2719 1210 2831; x_wconf 86' lang='lat' dir='ltr'>propositi</span> <span class='ocrx_word' id='word_1_187' title='bbox 1230 2721 1312 2803; x_wconf 81' lang='lat' dir='ltr'>iam</span> 
     </span>
     <span class='ocr_line' id='line_1_23' title="bbox 153 2833 1313 2950; baseline -0.002 -30"><span class='ocrx_word' id='word_1_188' title='bbox 153 2837 205 2920; x_wconf 85' lang='lat' dir='ltr'>ud</span> <span class='ocrx_word' id='word_1_189' title='bbox 229 2841 408 2947; x_wconf 88' lang='lat' dir='ltr'>primum</span> <span class='ocrx_word' id='word_1_190' title='bbox 433 2835 609 2949; x_wconf 86' lang='lat' dir='ltr'>lapidem</span> <span class='ocrx_word' id='word_1_191' title='bbox 634 2833 861 2918; x_wconf 83' lang='lat' dir='ltr'>offendere:</span> <span class='ocrx_word' id='word_1_192' title='bbox 889 2837 1094 2949; x_wconf 84' lang='lat' dir='ltr'>siquidem</span> <span class='ocrx_word' id='word_1_193' title='bbox 1114 2837 1157 2917; x_wconf 92' lang='lat' dir='ltr'>in</span> <span class='ocrx_word' id='word_1_194' title='bbox 1180 2850 1313 2950; x_wconf 42' lang='lat' dir='ltr'>capot.</span> 
     </span>
    </p>
   </div>
   <div class='ocr_carea' id='block_1_3' title="bbox 159 3141 1311 3191">
    <p class='ocr_par' dir='ltr' id='par_1_3' title="bbox 159 3141 1311 3191">
     <span class='ocr_line' id='line_1_24' title="bbox 159 3141 1311 3191; baseline -0.004 -4"><span class='ocrx_word' id='word_1_195' title='bbox 159 3141 1311 3191; x_wconf 38' lang='lat' dir='ltr'>mm*—*—*——-</span> 
     </span>
    </p>
   </div>
   <div class='ocr_carea' id='block_1_4' title="bbox 155 3279 1317 3609">
    <p class='ocr_par' dir='ltr' id='par_1_4' title="bbox 155 3279 1317 3609">
     <span class='ocr_line' id='line_1_25' title="bbox 156 3279 1312 3366; baseline 0.005 -22"><span class='ocrx_word' id='word_1_196' title='bbox 156 3333 161 3344; x_wconf 93' lang='lat'>.</span> <span class='ocrx_word' id='word_1_197' title='bbox 194 3286 232 3366; x_wconf 86' lang='lat' dir='ltr'>(t)</span> <span class='ocrx_word' id='word_1_198' title='bbox 271 3286 349 3348; x_wconf 88' lang='lat' dir='ltr'>Cum</span> <span class='ocrx_word' id='word_1_199' title='bbox 366 3283 397 3345; x_wconf 85' lang='lat' dir='ltr'>in</span> <span class='ocrx_word' id='word_1_200' title='bbox 412 3281 456 3344; x_wconf 81' lang='lat' dir='ltr'>hio</span> <span class='ocrx_word' id='word_1_201' title='bbox 466 3326 476 3356; x_wconf 92' lang='lat'>,</span> <span class='ocrx_word' id='word_1_202' title='bbox 493 3287 554 3344; x_wconf 83' lang='lat' dir='ltr'>tutu</span> <span class='ocrx_word' id='word_1_203' title='bbox 569 3279 601 3342; x_wconf 87' lang='lat' dir='ltr'>in</span> <span class='ocrx_word' id='word_1_204' title='bbox 616 3281 678 3362; x_wconf 75' lang='lat' dir='ltr'>aliis</span> <span class='ocrx_word' id='word_1_205' title='bbox 696 3286 786 3351; x_wconf 88' lang='lat' dir='ltr'>multo</span> <span class='ocrx_word' id='word_1_206' title='bbox 805 3283 974 3357; x_wconf 83' lang='lat' dir='ltr'>levioribus,</span> <span class='ocrx_word' id='word_1_207' title='bbox 992 3303 1063 3366; x_wconf 87' lang='lat' dir='ltr'>quae</span> <span class='ocrx_word' id='word_1_208' title='bbox 1080 3285 1176 3346; x_wconf 87' lang='lat' dir='ltr'>statim</span> <span class='ocrx_word' id='word_1_209' title='bbox 1196 3283 1312 3350; x_wconf 78' lang='lat' dir='ltr'>adnota-</span> 
     </span>
     <span class='ocr_line' id='line_1_26' title="bbox 155 3363 1314 3449; baseline 0.001 -23"><span class='ocrx_word' id='word_1_210' title='bbox 155 3363 277 3438; x_wconf 86' lang='lat' dir='ltr'>bimus,</span> <span class='ocrx_word' id='word_1_211' title='bbox 302 3363 445 3426; x_wconf 83' lang='lat' dir='ltr'>miraberis</span> <span class='ocrx_word' id='word_1_212' title='bbox 471 3381 545 3425; x_wconf 89' lang='lat' dir='ltr'>eette</span> <span class='ocrx_word' id='word_1_213' title='bbox 571 3378 681 3422; x_wconf 86' lang='lat' dir='ltr'>tantum</span> <span class='ocrx_word' id='word_1_214' title='bbox 706 3367 797 3426; x_wconf 89' lang='lat' dir='ltr'>vitum</span> <span class='ocrx_word' id='word_1_215' title='bbox 821 3369 850 3426; x_wconf 89' lang='lat' dir='ltr'>in</span> <span class='ocrx_word' id='word_1_216' title='bbox 873 3365 916 3424; x_wconf 86' lang='lat' dir='ltr'>his</span> <span class='ocrx_word' id='word_1_217' title='bbox 939 3367 1121 3424; x_wconf 82' lang='lat' dir='ltr'>immoratum</span> <span class='ocrx_word' id='word_1_218' title='bbox 1137 3385 1197 3425; x_wconf 85' lang='lat' dir='ltr'>esse</span> <span class='ocrx_word' id='word_1_219' title='bbox 1222 3367 1314 3449; x_wconf 82' lang='lat' dir='ltr'>nugis.</span> 
     </span>
     <span class='ocr_line' id='line_1_27' title="bbox 158 3441 1315 3524; baseline 0.003 -21"><span class='ocrx_word' id='word_1_220' title='bbox 158 3448 229 3522; x_wconf 82' lang='lat' dir='ltr'>Cap.</span> <span class='ocrx_word' id='word_1_221' title='bbox 247 3449 300 3510; x_wconf 84' lang='lat' dir='ltr'>XI.</span> <span class='ocrx_word' id='word_1_222' title='bbox 323 3461 401 3506; x_wconf 83' lang='lat' dir='ltr'>num.</span> <span class='ocrx_word' id='word_1_223' title='bbox 416 3467 463 3508; x_wconf 90' lang='grc' dir='ltr'>ιο.</span> <span class='ocrx_word' id='word_1_224' title='bbox 481 3446 545 3504; x_wconf 82' lang='lat' dir='ltr'>ait:</span> <span class='ocrx_word' id='word_1_225' title='bbox 569 3461 651 3521; x_wconf 87' lang='lat' dir='ltr'>segun</span> <span class='ocrx_word' id='word_1_226' title='bbox 667 3445 692 3500; x_wconf 86' lang='lat' dir='ltr'>Ie</span> <span class='ocrx_word' id='word_1_227' title='bbox 711 3447 816 3504; x_wconf 72' lang='lat' dir='ltr'>sucedii</span> <span class='ocrx_word' id='word_1_228' title='bbox 835 3449 865 3504; x_wconf 84' lang='lat' dir='ltr'>al</span> <span class='ocrx_word' id='word_1_229' title='bbox 881 3450 921 3505; x_wconf 86' lang='lat' dir='ltr'>D.</span> <span class='ocrx_word' id='word_1_230' title='bbox 936 3450 975 3505; x_wconf 88' lang='lat' dir='ltr'>D.</span> <span class='ocrx_word' id='word_1_231' title='bbox 985 3441 1076 3524; x_wconf 69' lang='lat' dir='ltr'>josef</span> <span class='ocrx_word' id='word_1_232' title='bbox 1085 3446 1217 3504; x_wconf 84' lang='lat' dir='ltr'>Finestres</span> <span class='ocrx_word' id='word_1_233' title='bbox 1234 3468 1267 3506; x_wconf 87' lang='lat' dir='ltr'>en</span> <span class='ocrx_word' id='word_1_234' title='bbox 1283 3449 1315 3508; x_wconf 82' lang='lat' dir='ltr'>ia</span> 
     </span>
     <span class='ocr_line' id='line_1_28' title="bbox 156 3523 1317 3609; baseline 0.003 -27"><span class='ocrx_word' id='word_1_235' title='bbox 156 3525 297 3583; x_wconf 77' lang='lat' dir='ltr'>Goieecion</span> <span class='ocrx_word' id='word_1_236' title='bbox 313 3528 348 3584; x_wconf 83' lang='lat' dir='ltr'>de</span> <span class='ocrx_word' id='word_1_237' title='bbox 363 3528 407 3584; x_wconf 82' lang='lat' dir='ltr'>las</span> <span class='ocrx_word' id='word_1_238' title='bbox 421 3524 613 3609; x_wconf 71' lang='lat' dir='ltr'>inscriptiones</span> <span class='ocrx_word' id='word_1_239' title='bbox 628 3525 770 3584; x_wconf 75' lang='lat' dir='ltr'>Romanas</span> <span class='ocrx_word' id='word_1_240' title='bbox 783 3541 895 3608; x_wconf 73' lang='lat' dir='ltr'>potestas</span> <span class='ocrx_word' id='word_1_241' title='bbox 911 3543 944 3582; x_wconf 88' lang='lat' dir='ltr'>en</span> <span class='ocrx_word' id='word_1_242' title='bbox 961 3527 986 3584; x_wconf 81' lang='lat' dir='ltr'>ei</span> <span class='ocrx_word' id='word_1_243' title='bbox 1001 3523 1165 3603; x_wconf 82' lang='lat' dir='ltr'>Principndo</span> <span class='ocrx_word' id='word_1_244' title='bbox 1182 3526 1215 3584; x_wconf 85' lang='lat' dir='ltr'>de</span> <span class='ocrx_word' id='word_1_245' title='bbox 1228 3532 1317 3586; x_wconf 83' lang='lat' dir='ltr'>Cata-</span> 
     </span>
    </p>
   </div>
   <div class='ocr_carea' id='block_1_5' title="bbox 1 3568 1315 3696">
    <p class='ocr_par' dir='ltr' id='par_1_5' title="bbox 1 3568 1315 3696">
     <span class='ocr_line' id='line_1_29' title="bbox 1 3568 1315 3696; baseline 0.002 -32"><span class='ocrx_word' id='word_1_246' title='bbox 1 3568 5 3590; x_wconf 38' lang='grc'>,</span> <span class='ocrx_word' id='word_1_247' title='bbox 21 3632 26 3643; x_wconf 95' lang='grc'><em>·</em></span> <span class='ocrx_word' id='word_1_248' title='bbox 133 3603 229 3664; x_wconf 61' lang='lat' dir='ltr'>denia</span> <span class='ocrx_word' id='word_1_249' title='bbox 237 3645 249 3676; x_wconf 91' lang='lat'>,</span> <span class='ocrx_word' id='word_1_250' title='bbox 263 3603 353 3696; x_wconf 64' lang='lat' dir='ltr'>dando</span> <span class='ocrx_word' id='word_1_251' title='bbox 364 3623 432 3683; x_wconf 81' lang='lat' dir='ltr'>puro</span> <span class='ocrx_word' id='word_1_252' title='bbox 448 3606 547 3684; x_wconf 70' lang='lat' dir='ltr'>debaJo</span> <span class='ocrx_word' id='word_1_253' title='bbox 562 3605 596 3662; x_wconf 72' lang='lat' dir='ltr'>de</span> <span class='ocrx_word' id='word_1_254' title='bbox 613 3604 644 3662; x_wconf 81' lang='lat' dir='ltr'>la</span> <span class='ocrx_word' id='word_1_255' title='bbox 659 3605 739 3663; x_wconf 73' lang='lat' dir='ltr'>Clare</span> <span class='ocrx_word' id='word_1_256' title='bbox 753 3605 948 3664; x_wconf 82' lang='lat' dir='ltr'>de&#39;MiIirares</span> <span class='ocrx_word' id='word_1_257' title='bbox 966 3605 1095 3677; x_wconf 86' lang='lat' dir='ltr'>muchas,</span> <span class='ocrx_word' id='word_1_258' title='bbox 1110 3625 1161 3684; x_wconf 82' lang='lat' dir='ltr'>que</span> <span class='ocrx_word' id='word_1_259' title='bbox 1178 3627 1211 3663; x_wconf 87' lang='lat' dir='ltr'>no</span> <span class='ocrx_word' id='word_1_260' title='bbox 1223 3609 1315 3667; x_wconf 84' lang='lat' dir='ltr'>rientn</span> 
     </span>
    </p>
   </div>
   <div class='ocr_carea' id='block_1_6' title="bbox 145 3683 1316 4088">
    <p class='ocr_par' dir='ltr' id='par_1_6' title="bbox 158 3683 1312 3762">
     <span class='ocr_line' id='line_1_30' title="bbox 158 3683 1312 3762; baseline 0.003 -20"><span class='ocrx_word' id='word_1_261' title='bbox 158 3685 191 3742; x_wconf 80' lang='lat' dir='ltr'>Ia</span> <span class='ocrx_word' id='word_1_262' title='bbox 206 3703 270 3745; x_wconf 80' lang='lat' dir='ltr'>nnat</span> <span class='ocrx_word' id='word_1_263' title='bbox 282 3685 401 3746; x_wconf 77' lang='lat' dir='ltr'>minima</span> <span class='ocrx_word' id='word_1_264' title='bbox 415 3687 582 3756; x_wconf 80' lang='lat' dir='ltr'>connexion,</span> <span class='ocrx_word' id='word_1_265' title='bbox 598 3685 628 3744; x_wconf 87' lang='lat' dir='ltr'>ni</span> <span class='ocrx_word' id='word_1_266' title='bbox 643 3685 751 3744; x_wconf 78' lang='lat' dir='ltr'>aiusion</span> <span class='ocrx_word' id='word_1_267' title='bbox 768 3704 788 3744; x_wconf 86' lang='lat' dir='ltr'><em>a</em></span> <span class='ocrx_word' id='word_1_268' title='bbox 802 3687 832 3744; x_wconf 81' lang='lat' dir='ltr'>Ia</span> <span class='ocrx_word' id='word_1_269' title='bbox 847 3683 972 3748; x_wconf 85' lang='lat' dir='ltr'>Militia.</span> <span class='ocrx_word' id='word_1_270' title='bbox 988 3689 1312 3762; x_wconf 77' lang='lat' dir='ltr'>oop.xx111.nom.9.=</span> 
     </span>
    </p>

    <p class='ocr_par' dir='ltr' id='par_1_7' title="bbox 145 3763 1316 4088">
     <span class='ocr_line' id='line_1_31' title="bbox 145 3763 1315 3844; baseline -0.001 -20"><span class='ocrx_word' id='word_1_271' title='bbox 145 3763 395 3836; x_wconf 46' lang='lat' dir='ltr'>,Finosrres-coIoti</span> <span class='ocrx_word' id='word_1_272' title='bbox 410 3780 470 3824; x_wconf 81' lang='lat' dir='ltr'>esta</span> <span class='ocrx_word' id='word_1_273' title='bbox 483 3765 643 3842; x_wconf 75' lang='lat' dir='ltr'>inienipcion</span> <span class='ocrx_word' id='word_1_274' title='bbox 657 3780 731 3824; x_wconf 83' lang='lat' dir='ltr'>entre</span> <span class='ocrx_word' id='word_1_275' title='bbox 745 3766 788 3823; x_wconf 77' lang='lat' dir='ltr'>ias</span> <span class='ocrx_word' id='word_1_276' title='bbox 802 3765 836 3825; x_wconf 84' lang='lat' dir='ltr'>de</span> <span class='ocrx_word' id='word_1_277' title='bbox 850 3766 1017 3836; x_wconf 82' lang='lat' dir='ltr'>Militares,</span> <span class='ocrx_word' id='word_1_278' title='bbox 1034 3763 1124 3824; x_wconf 84' lang='lat' dir='ltr'>tiendo</span> <span class='ocrx_word' id='word_1_279' title='bbox 1139 3770 1201 3837; x_wconf 77' lang='lat' dir='ltr'>asi,</span> <span class='ocrx_word' id='word_1_280' title='bbox 1217 3785 1269 3844; x_wconf 87' lang='lat' dir='ltr'>que</span> <span class='ocrx_word' id='word_1_281' title='bbox 1282 3785 1315 3824; x_wconf 87' lang='lat' dir='ltr'>no</span> 
     </span>
     <span class='ocr_line' id='line_1_32' title="bbox 160 3843 1316 3924; baseline 0 -20"><span class='ocrx_word' id='word_1_282' title='bbox 160 3844 232 3904; x_wconf 76' lang='lat' dir='ltr'>nene</span> <span class='ocrx_word' id='word_1_283' title='bbox 249 3846 279 3903; x_wconf 87' lang='lat' dir='ltr'>Ia</span> <span class='ocrx_word' id='word_1_284' title='bbox 297 3843 363 3906; x_wconf 64' lang='lat' dir='ltr'>mat</span> <span class='ocrx_word' id='word_1_285' title='bbox 375 3845 494 3905; x_wconf 78' lang='lat' dir='ltr'>minima</span> <span class='ocrx_word' id='word_1_286' title='bbox 508 3844 619 3904; x_wconf 78' lang='lat' dir='ltr'>aiusion</span> <span class='ocrx_word' id='word_1_287' title='bbox 635 3865 654 3902; x_wconf 84' lang='lat' dir='ltr'><em>a</em></span> <span class='ocrx_word' id='word_1_288' title='bbox 670 3847 700 3904; x_wconf 80' lang='lat' dir='ltr'>Ia</span> <span class='ocrx_word' id='word_1_289' title='bbox 714 3845 841 3907; x_wconf 81' lang='lat' dir='ltr'>Militia.</span> <span class='ocrx_word' id='word_1_290' title='bbox 857 3851 927 3924; x_wconf 78' lang='lat' dir='ltr'>Cap.</span> <span class='ocrx_word' id='word_1_291' title='bbox 939 3847 1067 3906; x_wconf 85' lang='lat' dir='ltr'><em>XXIIII.</em></span> <span class='ocrx_word' id='word_1_292' title='bbox 1083 3867 1211 3906; x_wconf 61' lang='lat' dir='ltr'>nummo·</span> <span class='ocrx_word' id='word_1_293' title='bbox 1229 3848 1316 3904; x_wconf 68' lang='lat' dir='ltr'>Enete</span> 
     </span>
     <span class='ocr_line' id='line_1_33' title="bbox 160 3921 1316 4007; baseline -0.003 -19"><span class='ocrx_word' id='word_1_294' title='bbox 160 3925 200 3988; x_wconf 71' lang='lat' dir='ltr'>Its</span> <span class='ocrx_word' id='word_1_295' title='bbox 215 3925 408 4005; x_wconf 63' lang='lat' dir='ltr'>ungimadot</span> <span class='ocrx_word' id='word_1_296' title='bbox 419 3921 504 3986; x_wconf 71' lang='lat' dir='ltr'>cond</span> <span class='ocrx_word' id='word_1_297' title='bbox 518 3926 655 3986; x_wconf 62' lang='lat' dir='ltr'>omitto</span> <span class='ocrx_word' id='word_1_298' title='bbox 670 3940 729 3986; x_wconf 55' lang='lat' dir='ltr'>este,</span> <span class='ocrx_word' id='word_1_299' title='bbox 740 3928 839 3986; x_wconf 81' lang='lat' dir='ltr'>Ietrero</span> <span class='ocrx_word' id='word_1_300' title='bbox 854 3927 897 3986; x_wconf 82' lang='lat' dir='ltr'>tin</span> <span class='ocrx_word' id='word_1_301' title='bbox 911 3925 1016 4004; x_wconf 83' lang='lat' dir='ltr'>ningun</span> <span class='ocrx_word' id='word_1_302' title='bbox 1028 3923 1234 4004; x_wconf 84' lang='lat' dir='ltr'>fundamento:</span> <span class='ocrx_word' id='word_1_303' title='bbox 1249 3941 1316 4007; x_wconf 77' lang='lat' dir='ltr'>pnes</span> 
     </span>
     <span class='ocr_line' id='line_1_34' title="bbox 161 4003 1238 4088; baseline -0.001 -21"><span class='ocrx_word' id='word_1_304' title='bbox 161 4003 188 4064; x_wconf 78' lang='lat' dir='ltr'>et</span> <span class='ocrx_word' id='word_1_305' title='bbox 204 4007 389 4086; x_wconf 76' lang='lat' dir='ltr'>Especuiaedor</span> <span class='ocrx_word' id='word_1_306' title='bbox 403 4008 437 4068; x_wconf 79' lang='lat' dir='ltr'>de</span> <span class='ocrx_word' id='word_1_307' title='bbox 453 4008 483 4067; x_wconf 80' lang='lat' dir='ltr'>ia</span> <span class='ocrx_word' id='word_1_308' title='bbox 500 4005 588 4088; x_wconf 80' lang='lat' dir='ltr'>legion</span> <span class='ocrx_word' id='word_1_309' title='bbox 600 4020 740 4085; x_wconf 79' lang='lat' dir='ltr'>pertentet</span> <span class='ocrx_word' id='word_1_310' title='bbox 757 4027 776 4068; x_wconf 84' lang='lat' dir='ltr'><em>a</em></span> <span class='ocrx_word' id='word_1_311' title='bbox 795 4009 825 4068; x_wconf 86' lang='lat' dir='ltr'>la</span> <span class='ocrx_word' id='word_1_312' title='bbox 844 4009 925 4070; x_wconf 81' lang='lat' dir='ltr'>Clare</span> <span class='ocrx_word' id='word_1_313' title='bbox 944 4007 978 4065; x_wconf 75' lang='lat' dir='ltr'>de</span> <span class='ocrx_word' id='word_1_314' title='bbox 996 4006 1162 4078; x_wconf 78' lang='lat' dir='ltr'>Militares,</span> <span class='ocrx_word' id='word_1_315' title='bbox 1180 4021 1238 4066; x_wconf 84' lang='lat' dir='ltr'>cet.</span> 
     </span>
    </p>
   </div>
   <div class='ocr_carea' id='block_1_7' title="bbox 0 0 1651 4672">
    <p class='ocr_par' dir='ltr' id='par_1_8' title="bbox 0 0 1651 4672">
     <span class='ocr_line' id='line_1_35' title="bbox 0 0 1651 4672; baseline 0 0"><span class='ocrx_word' id='word_1_316' title='bbox 0 0 1651 4672; x_wconf 95' lang='lat' dir='ltr'> </span> 
     </span>
    </p>
   </div>
  </div>
 </body>
</html>
