3244 4710
243 297 248 310 ·
313 265 416 394 ξοδ
497 293 830 376 utnusrnnstvs
851 294 1026 364 vrttutc.
1043 297 1074 365 n
1092 295 1189 366 cst.
1217 299 1321 376 xxv.

312 475 346 522 „
364 420 483 500 rimas
512 441 568 500 no
599 419 728 502 debtn
761 420 1017 508 confundirse
1060 448 1137 504 con
1161 427 1228 504 -l'as
1246 423 1477 532 'apocrifum

308 589 348 638 „
366 559 458 643 pues
475 539 511 614 el
531 537 676 619 Lector
700 561 778 642 que
804 562 826 616 a
851 534 966 616 rodas
985 539 1041 616 las
1062 562 1110 618 ve
1142 539 1366 620 mezcludas
1378 595 1394 637 ‚
1420 566 1477 622 no

309 703 344 754 „
363 654 452 730 sabe
484 675 559 756 por
585 655 624 730 la
662 647 779 730 Clase
792 703 808 747 ‚
835 654 1001 756 quales
1026 650 1272 751 verdariae,
1300 679 1329 732 o
1361 655 1479 756 fingi-

302 816 336 862 „
355 763 406 842 da
421 771 454 814 “
470 764 518 844 Et
535 763 633 868 quid
652 763 744 846 inde
764 768 779 844 i
795 763 1007 872 providere
1022 763 1283 864 debebimus,
1313 795 1363 848 ne
1376 768 1478 874 quid

301 877 542 984 Respublica
560 877 795 961 detrimenti
818 880 944 987 capiat
963 911 972 956 ι
991 933 1023 977 ,,
1046 879 1165 960 Entre
1195 885 1252 960 las
1283 883 1479 985 antigtras,

300 989 718 1098 inquitFlorezius,
756 1019 854 1100 puso
906 998 1065 1094 algunas
1111 991 1363 1095 modernas,
1398 1025 1478 1104 que

299 1159 334 1208 „
352 1105 468 1188 debia
503 1109 625 1186 haber
651 1105 902 1188 desechado:
924 1113 1047 1188 ahora
1076 1130 1188 1186 entre
1215 1113 1273 1188 las
1302 1113 1479 1219 enpurias

299 1275 337 1320 „
353 1246 458 1328 pone
475 1222 633 1320 varias,
661 1247 735 1327 que
765 1247 838 1300 son
864 1221 1076 1324 legitimas.
1114 1223 1317 1306 Nosottos
1330 1230 1388 1305 las
1402 1225 1475 1306 de-

298 1389 333 1436 ,‚
349 1335 478 1440 jamos
509 1335 762 1416 distribuidas
787 1362 838 1416 en
866 1362 928 1416 sus
952 1335 1102 1422 Clases.
1123 1344 1163 1414 .“
1188 1338 1301 1419 Haec
1331 1340 1474 1426 omnia

292 1449 344 1536 in
363 1451 441 1530 suis
471 1477 647 1558 quaeque
674 1450 775 1530 locis
807 1455 976 1532 refutata
992 1451 1074 1530 iarn
1095 1473 1183 1532 sunt
1204 1482 1213 1525 ι
1237 1479 1310 1532 nec
1336 1476 1474 1536 tamen

306 1565 436 1672 spolia
483 1570 616 1672 ampla
659 1565 804 1644 referet
840 1564 1019 1672 Scriptor
1066 1565 1280 1672 Hispaniae
1319 1567 1473 1668 Sacrae,

307 1677 376 1786 qui
408 1679 439 1758 si
467 1678 735 1788 perpendisset
775 1677 1034 1780 diligenter,
1072 1702 1265 1784 quantum
1308 1681 1383 1762 sibi
1424 1709 1472 1766 ex

305 1819 379 1886 ruo
421 1820 541 1905 opere
589 1819 774 1898 arrogare
814 1815 945 1900 posset
974 1792 1057 1872 iure
1087 1795 1248 1902 optimo
1278 1795 1473 1878 Finestre-

199 1908 205 1921 '
304 1911 410 2007 sius,
440 1935 702 2038 numquam,
733 1929 776 1990 ut
805 1905 955 2022 credo,
987 1928 1118 1994 tantos
1146 1911 1283 1991 fluetus
1310 1913 1353 1992 in
1372 1909 1471 2003 sinn,

310 2027 406 2138 pulo
435 2023 692 2104 excitavisset.

303 2161 1472 2207 qu-—u—-u--n-——m-——n-—a--t-r

300 2223 429 2304 videtur3
453 2251 489 2292 ne
509 2251 559 2310 pro
582 2230 684 2325 exiguo
704 2229 916 2308 inscriptionum
932 2249 1048 2290 numero
1063 2227 1206 2310 duplicem
1221 2231 1352 2292 Classem
1369 2251 1472 2328 ppnete

301 2311 465 2410 e'ogeretur3
455 2331 573 2406 ,quum
586 2311 682 2372 titurius
696 2309 742 2374 hic
758 2309 894 2372 latissime
908 2325 1010 2390 pateus
1026 2325 1136 2369 tantum
1153 2313 1356 2414 complectatur
1370 2301 1472 2414 viginti

302 2413 426 2478 qumque
450 2391 654 2474 irueriptiouer.
733 2435 734 2442 ι
765 2443 768 2450 ,
801 2441 804 2448 .
