3240 4688
403 277 1059 352 volvunxxt111mlsusneu.
1179 345 1184 350 ,
1222 269 1309 342 tlt
1374 284 1377 290 '

154 425 187 506 „
209 404 312 485 llido
346 405 582 486 Italiciano:
598 433 690 514 puts
722 433 872 514 aunque
900 405 1017 487 habia
1051 432 1099 484 en
1118 408 1156 484 la
1185 405 1319 491 Betica

150 576 187 622 „
206 549 257 601 un
275 525 420 630 pueblo
438 521 620 602 llamado
635 525 781 601 Italica
790 578 805 620 ,
821 548 876 602 no
890 547 929 601 sc
943 520 1088 602 denota
1104 547 1180 628 pot
1192 523 1320 630 patria

151 691 185 736 „
203 635 269 715 del
283 659 462 745 presente
481 693 497 736 ,
529 663 604 744 que
627 663 692 716 era
710 637 759 718 de
782 637 961 745 Libisosa
978 690 1138 715 .......
1155 663 1248 744 pnes
1267 636 1317 717 de

150 805 184 850 „
204 752 341 832 Italica
365 752 459 831 salia
471 755 693 834 Italicense.
708 759 744 803 “
759 751 868 832 Audi
892 777 994 832 nutrc
1009 749 1316 832 Cervatiensetn

150 865 445 946 Academicum
483 893 598 974 super
638 867 746 946 idem
781 889 1062 966 argumentum
1098 867 1200 944 Clas.
1225 879 1308 943 ΙΙΙ.

149 1008 253 1059 nunt.
272 989 337 1076 56.
358 985 390 1079 '„
407 978 457 1059 C.
476 983 644 1062 Vibium
659 980 784 1090 patria
801 983 915 1060 fuisse
933 983 1209 1061 Libisosanum
1230 989 1318 1061 ma·

148 1148 182 1194 „
200 1095 386 1174 nifestum
417 1117 473 1174 est
489 1127 498 1173 ι
514 1123 639 1204 neque
672 1097 856 1198 ignotum
876 1121 974 1202 quae
1003 1097 1121 1176 fuerit
1150 1094 1316 1176 colonia

148 1211 375 1307 „Libisosa
394 1211 436 1289 in
450 1211 637 1290 Oretanis
657 1211 707 1288 ad
721 1233 834 1317 caput
849 1210 961 1289 Anae
987 1209 1160 1289 fluminis
1174 1261 1315 1290 ......

148 1377 179 1423 „
197 1324 272 1403 Sed
291 1331 359 1404 cur
374 1326 612 1404 ltali'cianus
626 1346 791 1405 vocatur
809 1329 823 1404 l
842 1323 1028 1433 quodad
1054 1324 1235 1427 Italicam
1251 1349 1314 1402 re-

146 1437 409 1536 „ferendum
442 1438 600 1519 videtur
619 1493 809 1520 ........
831 1443 895 1519 vel
915 1439 1078 1547 potius,
1115 1436 1225 1546 quod
1248 1463 1315 1518 ve·

145 1605 179 1650 „
199 1554 276 1632 rius
290 1575 387 1659 puro
400 1609 416 1650 ,
432 1553 657 1634 italicianus
672 1581 718 1634 ex
733 1555 809 1632 alia
828 1579 957 1636 caussa
975 1557 1217 1662 appellatur,
1244 1577 1313 1630 co-

144 1717 179 1765 „
197 1669 389 1768 gnomine
417 1669 572 1748 scilicet
594 1723 609 1766 ,
642 1695 725 1747 non
745 1668 940 1774 apatria,
966 1692 1035 1748 aut
1053 1695 1073 1747 a
1093 1690 1209 1770 gente
1240 1663 1314 1746 de«

59 1880 62 1886 1
100 1867 101 1870 p
143 1831 179 1878 2,
197 1785 358 1891 sumpto
376 1815 384 1860 ε
404 1807 500 1862 nam
527 1787 574 1879 ab
598 1785 747 1862 Italica
764 1803 956 1890 perpetuo
984 1781 1170 1862 dicuntur
1189 1782 1311 1858 ltali-

142 1947 176 1992 ,‚
193 1925 348 1995 censes,
374 1925 455 1977 non
472 1899 695 1978 Italiciatti.
722 1905 756 1948 ‘⁶
772 1909 827 1977 Lo
851 1901 984 1976 mismo
1001 1891 1162 1980 ascribit
1175 1895 1212 1978 el
1231 1907 1308 1992 Rapo

143 2021 185 2088 P.
207 2025 263 2089 M.
280 2016 418 2092 florez
431 2019 494 2091 sin
507 2010 714 2106 atribuirlo
730 2041 755 2090 a
772 2017 981 2098 Finestres.
1307 2087 1310 2096 ‚

202 2125 344 2203 Finem
372 2127 464 2206 huic
490 2125 608 2231 capiti
627 2127 882 2232 imponemus
909 2127 1079 2206 refutato
1105 2125 1309 2230 EloreziO,

127 2239 210 2344 'qui
224 2235 267 2317 in
284 2267 387 2318 nunc
410 2265 472 2333 55·
492 2236 698 2318 discedens
717 2265 739 2316 a
759 2237 1165 2320 finestre'sionovam
1179 2245 1310 2334 moll,

141 2373 202 2432 tus
216 2374 274 2432 est
288 2355 463 2434 condere
490 2355 654 2483 gentem
669 2355 709 2434 in
724 2353 926 2434 Gallaecia
945 2359 992 2434 ab
1010 2354 1182 2461 antiquis
1199 2353 1313 2441 Ceo-J

27 2551 29 2554 ,
112 2462 299 2576 'graplns
314 2495 472 2578 prorsus
491 2467 731 2570 ignoratam.
761 2468 877 2550 Res'
866 2489 921 2547 rta
946 2471 1089 2548 habet:
1105 2472 1311 2578 profertur

120 2579 235 2669 ssibi
225 2586 468 2694 inscriptio,
495 2607 595 2690 quae
626 2581 859 2664 Tarracone
886 2581 1088 2680 existens,
1114 2603 1154 2662 et
1173 2601 1311 2672 'tecen-

141 2716 202 2774 ter
229 2698 425 2810 descripta
441 2705 489 2778 ab
507 2695 820 2776 eruditissimo
809 2717 915 2777 iuxta
944 2723 988 2778 ac
1013 2697 1314 2806 sapientissimo¹

139 2809 256 2890 h'uius
278 2816 398 2896 seculi
425 2814 514 2894 viro
528 2811 624 2892 Don
639 2813 847 2892 francisco
868 2811 1036 2892 Perezio
1056 2811 1246 2912 Baierio,
1273 2813 1313 2902 S,

122 2922 225 3028 ‘Tol
226 2947 363 3005 ecanae
387 2929 584 3010 Ecclesiae
605 2927 817 3008 Canonico
844 2937 883 3006 'et
906 2925 1205 3026 Thesautatio,
1234 2927 1313 3012 Re-

108 3031 111 3137 j
135 3037 303 3148 giaeque
321 3039 431 3119 Proli
450 3067 471 3118 a
490 3042 780 3146 sapientissimo
798 3037 909 3144 Rege
922 2985 1311 3128 nostrocnu'oto.

137 3149 211 3233 ΙΙΙ.
225 3213 242 3255 ,
278 3162 420 3262 (quem
444 3153 552 3232 Deus
580 3157 695 3234 nobis
713 3153 782 3234 diu
798 3159 987 3262 sospitem
1003 3179 1042 3236 et
1056 3157 1309 3240 incolumem

135 3291 263 3350 servet
278 3279 292 3374 )
309 3266 549 3352 erudiendae
567 3271 801 3376 praelecto,
825 3289 919 3348 cum
932 3268 1137 3378 duplicato
1152 3271 1302 3366 legitur·

97 3375 105 3483 J¹
136 3387 380 3486 cognomine
396 3383 581 3477 Reburri3
595 3381 670 3462 nisi
686 3386 853 3461 alteram
869 3381 1095 3460 dictionem
1105 3381 1303 3472 uussvn,

117 3494 215 3580 ’ΚΟ
234 3501 467 3630 'intelligere
492 3494 728 3580 velimusde
742 3495 867 3605 patria
886 3496 944 3576 Μ.
974 3495 1086 3603 leii
1100 3549 1116 3592 ,
1147 3496 1188 3578 in
1218 3525 1302 3605 quo

131 3615 295 3712 gravior
319 3637 377 3694 est
403 3613 644 3710 difficultas,
673 3637 816 3740 quam
824 3616 983 3719 putabat
1001 3610 1232 3712 Florezius,
1251 3638 1295 3694 ut

103 3725 334 3828 intelliget
358 3731 504 3810 Lector
530 3727 707 3810 exhibita
720 3727 900 3837 primum
926 3727 1231 3894 inscriptione,-
1253 3747 1297 3810 et

115 3835 307 3926 Florezii
323 3841 627 3930 commentario
975 3943 982 3954 .
1050 3945 1066 3958 „
1409 3835 1413 3844 ’

1172 3954 1242 4038 M..
