3240 4688
271 295 320 330 υ
384 281 562 349 votvm.
601 279 749 347 xxuu.
783 279 893 348 urst.
933 279 1062 346 taen.
1208 263 1302 342 109

131 431 169 512 3,
186 400 375 504 augustat
394 461 409 503 ,
440 429 507 486 era
528 409 681 486 natural
698 406 746 485 de
762 401 1025 508 Tarragona,
1054 419 1128 483 cet.
1146 406 1179 482 ‘l
1193 401 1304 484 Prin.

136 517 246 625 cipio
276 545 321 598 ex
351 545 439 619 eo,
475 521 584 629 quod
615 547 715 601 uxor
746 520 904 600 Afranii
936 519 1102 598 Cerialis
1132 517 1304 617 dicatur,

134 653 267 742 posset
283 633 485 717 dubitatio
507 633 715 734 incidere,
743 658 879 715 utrum
902 633 1026 713 etiam
1042 632 1206 712 maritus
1222 631 1307 712 Cea

135 745 244 824 rialis
270 771 369 828 esset
385 783 394 830 ι
413 748 481 829 sed
498 754 655 858 aequius
678 771 813 831 tamen
828 745 1053 846 videretur,
1072 771 1303 848 cognomen

134 861 317 942 mulieris
338 889 384 946 ex
408 865 544 944 mariti
576 866 823 965 cognomine
852 863 1066 970 corrigere.
1095 861 1216 942 Nunc
1235 887 1303 940 au-

134 994 219 1060 tem
254 975 379 1077 vide,
410 1005 532 1086 quam
556 984 682 1060 multa
708 981 750 1058 in
783 963 913 1088 paucis
940 975 1136 1056 Historici
1171 975 1302 1059 verbis

136 1090 419 1172 contineantur
437 1091 613 1173 absurda.
643 1092 827 1173 Primum
842 1093 873 1172 si
889 1091 953 1171 hit
972 1092 1016 1170 l..
1029 1091 1214 1172 Afranius
1232 1107 1302 1200 paz.

135 1222 302 1286 tronum
320 1208 515 1286 habuisset
529 1208 722 1303 Erotem,
737 1208 778 1286 in
796 1205 1057 1312 inscriptione
1074 1228 1159 1286 non
1177 1233 1302 1313 pone·

133 1340 243 1398 retur
271 1319 408 1404 EROS
422 1377 437 1419 ,
467 1318 536 1400 sed
571 1320 795 1415 EROTIS;
826 1341 867 1400 et
896 1324 1092 1422 legeretur
1119 1332 1164 1400 1..
1180 1321 1303 1424 Afra.

134 1437 225 1514 ttius
241 1439 408 1516 Cerealis
430 1448 474 1514 L.
491 1440 570 1518 hoc
584 1457 669 1532 est,
692 1431 872 1516 Libertus
883 1440 1026 1514 Erotis.
1039 1431 1196 1514 Deinde
1211 1440 1301 1551 quis

136 1572 328 1655 umquam
363 1573 454 1632 ante
481 1553 583 1631 hanc
614 1571 784 1630 aetatem
816 1548 969 1630 audivit
995 1604 1010 1646 ‚
1040 1548 1206 1628 Erotem
1239 1557 1304 1634 ul·

135 1667 224 1742 lum
257 1663 337 1743 dici
361 1665 524 1748 alicuius
556 1663 691 1743 liberti
710 1685 939 1772 patronum.
971 1663 1140 1742 Nomen
1165 1663 1300 1748 Erotis

136 1798 196 1880 est
208 1803 361 1860 nomen
390 1781 597 1889 proprium
616 1777 847 1876 servitutis,
877 1773 988 1882 quod
1004 1776 1105 1854 nulli
1122 1799 1299 1883 patrono

5 1887 9 1900 '
134 1894 440 1976 accommodari
471 1915 616 2004 potest.
644 1895 839 2002 leianut
856 1893 898 1971 in
917 1904 963 1972 L.
979 1917 1015 1984 5.
1031 1908 1062 1986 §-
1079 1891 1153 1971 ele.
1170 1893 1214 1974 de
1230 1901 1300 1976 Rei

136 2017 171 2089 V
172 2007 251 2086 ind.
275 2011 327 2087 ait
347 2043 355 2086 r
377 2015 421 2088 Si
442 2011 572 2120 plures
598 2013 681 2086 sint
706 2009 873 2088 eiusdem
899 2009 1066 2086 nominis
1084 2014 1189 2086 tervi
1197 2033 1301 2120 puta

127 2121 261 2233 plures
272 2133 408 2200 Erotes
420 2145 491 2199 cet.
504 2120 623 2199 Adde
641 2132 686 2200 L.
704 2147 769 2208 32.
789 2137 823 2217 §-
838 2148 874 2197 2.
892 2133 943 2196 D.
968 2119 1013 2198 de
1030 2131 1066 2196 T
1067 2143 1136 2198 est.
1157 2145 1236 2202 tut.
1252 2137 1302 2206 L.

140 2259 205 2312 11.
221 2246 272 2311 12.
298 2235 342 2314 de
368 2249 450 2346 opt.
467 2256 509 2314 v.
535 2235 642 2316 elect.
657 2233 730 2345 leg.
761 2246 808 2312 L.
826 2258 890 2312 12.
903 2231 947 2312 de
962 2227 1135 2314 Liberat.
1164 2236 1236 2348 leg.
1253 2251 1301 2322 l..

137 2352 204 2439 38.
222 2363 252 2447 §.
274 2376 309 2427 t.
325 2362 376 2428 D.
390 2350 435 2429 de
448 2363 538 2461 Leg.
552 2363 638 2428 III.
653 2361 699 2426 L.
719 2359 784 2442 56.
800 2362 853 2426 D.
864 2346 908 2426 de
921 2346 1066 2426 tideic.
1093 2344 1237 2428 Libere.
1248 2363 1301 2434 L.

134 2477 242 2552 ol).
256 2470 435 2578 ῥαίῃσι.
456 2470 501 2554 in
541 2468 595 2574 ig.
622 2461 740 2542 Adde
755 2463 853 2540 Ant.
873 2460 1140 2563 Augustinum
1154 2461 1199 2542 de
1214 2475 1302 2554 lvo-‚-

135 2575 267 2658 minib.
292 2581 411 2660 Pand.
428 2489 541 2660 veel
551 2591 646 2659 Eros
657 2633 673 2675 ,
696 2598 735 2656 et
758 2576 1047 2677 Meuagiumin
1059 2584 1314 2672 Amutrium,

134 2696 212 2772 εἰν.
227 2719 390 2807 cap.31.
405 2727 415 2772 ι
431 2694 628 2801 exquibus
643 2691 946 2772 omnibuslocis
965 2689 1179 2776 manifesto
1201 2719 1301 2776 con·

137 2807 312 2890 vincitur
324 2865 340 2906 ,
365 2812 446 2892 hoc
464 2834 616 2890 nomen
635 2807 767 2886 Erotis*
786 2831 867 2885 esse
894 2805 1102 2913 proprium
1131 2807 1312 2891 servitu2.

136 2921 202 3000 iis.
231 2922 478 3004 Praetereasi
495 2919 1068 3018 uultFlorezius,'Afranium
1082 2923 1189 3004 hunc
1204 2924 1299 3006 fuis-

135 3067 178 3126 te
201 3040 439 3134 Cerealem,
470 3037 611 3120 eadem
630 3039 859 3117 coniectura
880 3034 1046 3116 ducetur¹
1067 3036 1225 3135 credo,
1254 3061 1299 3122 ut

133 3157 237 3236 velit
270 3177 436 3232 uxorem
467 3177 578 3232 suam
599 3149 802 3232 Cerialem
834 3171 899 3230 aut
925 3149 1150 3234 Cerealem,
1166 3153 1297 3236 fuisse.

134 3271 226 3370 dam
248 3267 278 3347 si
297 3267 353 3348 ita
383 3289 470 3370 est,
503 3268 610 3350 cuius
636 3267 712 3345 erit
741 3266 884 3346 liberta
908 3265 1075 3344 Afrania
1095 3262 1299 3348 cerialis}

135 3399 221 3466 non
237 3385 386 3495 poterit
404 3409 485 3462 esse
506 3383 648 3461 liberta
665 3379 890 3474 Procillae,
918 3378 1012 3486 quia
1031 3375 1206 3462 Procilla
1223 3405 1296 3488 po·

135 3500 245 3580 nitur
265 3500 308 3578 in
326 3520 437 3582 recto
455 3523 543 3580 casu
560 3493 687 3602 :quid
702 3491 848 3576 deinde
860 3491 935 3574 'sibi
954 3495 1065 3572 volet
1090 3492 1193 3574 illud
1206 3508 1300 3590 Pro-4

135 3616 230 3696 tilla
266 3615 307 3693 in
340 3617 421 3694 hoc
455 3613 614 3719 lapidei
664 3681 666 3688 .
802 3709 804 3714 Ι

196 3727 300 3829 =Ego
328 3727 473 3816 malim
505 3731 636 3828 legere
654 3724 738 3822 ira,
762 3746 805 3801 ut
835 3741 1048 3802 statuamus
1082 3721 1300 3805 Afranium

137 3871 223 3954 trun
239 3843 361 3927 fuisse
372 3841 583 3924 Cerealem
601 3895 619 3944 ,
647 3836 716 3923 sed
732 3835 911 3919 Cerealis
922 3837 1113 3918 libertum
1129 3866 1143 3936 3
1166 3859 1211 3965 er
1228 3861 1296 3943 pao⁸

1142 3974 1241 4032 ruer
