3244 4710
330 289 429 402 176
506 321 833 390 stuusrnustvs
855 325 1030 393 vmutt.
1053 329 1084 392 n
1098 329 1203 403 ffcnn
1222 329 1347 396 xxm.

318 497 351 572 ³?
369 449 438 523 sit.
465 453 497 498 ‘⁶
518 461 572 527 Lo
605 453 737 528 mismo
756 444 916 528 escrr'Iio‘
939 453 978 558 eI
1001 465 1147 548 ΜΡ.
1176 467 1232 533 Μ.
1254 457 1394 571 Florez
1422 459 1489 536 rin

318 549 507 644 arribuit!
490 563 525 644 lo
541 591 566 641 a
583 567 790 644 Fr'nesrrer.
821 567 934 666 Quae
953 567 1089 674 primo
1113 571 1209 648 Ioco
1222 565 1363 678 posita
1381 591 1488 672 sunt,

316 677 498 807 quamvis
512 705 594 760 non
608 677 687 756 sint
702 677 750 758 ad
763 683 929 758 verbum
942 682 1107 781 eadem,
1121 703 1205 762 tam
1220 707 1308 763 sunt
1325 684 1429 762 inter
1445 712 1487 766 se

319 791 502 924 similia,
531 819 651 900 quam
670 797 730 872 lac
748 793 873 891 lacti,
908 817 973 874 aut
994 823 1119 877 ovum
1140 823 1235 878 ovo.
1266 798 1357 878 De
1346 801 1488 904 inscri-

318 905 484 1039 ptione,
516 935 637 1014 quam
655 906 767 986 affert
798 905 1023 990 Historicus
1050 941 1151 992 num.
1174 921 1236 992 16.
1259 911 1299 991 in
1318 939 1399 1020 quo
1415 941 1487 994 ue

319 1024 433 1126 sci0,
460 1049 580 1130 quem
599 1011 761 1101 Erotem
777 1026 863 1100 vult
880 1027 1037 1105 Afranii
1052 1049 1265 1134 patronum
1283 1053 1392 1129 esse,
1419 1027 1490 1126 di*

320 1143 430 1272 c'tum
449 1160 506 1217 cst
522 1163 636 1248 supra
653 1136 702 1216 ad
720 1161 799 1250 cap.
789 1151 944 1222 .XVII.
961 1169 1065 1222 num.
1084 1167 1147 1234 50.

316 1411 935 1500 FINESTRESIVS
985 1415 1548 1530 VINDICATVu·

525 1571 660 1672 acapr
654 1551 881 1680 XXIIII.
903 1543 1050 1638 volum.
1070 1551 1275 1645 XXIIII.
1421 1547 1425 1552 ⁴

631 1699 640 1724 ’“
769 1677 888 1814 Hisp.
919 1692 1032 1780 Satr.

323 1967 326 1972 ·
435 1934 621 2018 Entum
610 1961 692 2016 tam
723 1935 855 2026 estad
882 1935 1094 2038 Triarios,
1126 1959 1167 2025 et
1191 1941 1260 2048 qui
1284 1941 1481 2048 hucusque

464 2051 691 2136 commovit
710 2076 857 2130 cornua
883 2049 1158 2185 disputationis
1185 2082 1272 2135 suae
1299 2049 1490 2138 adversus

320 2145 626 2262 Finesttesium‚
659 2165 820 2272 stipatus
835 2193 938 2247 nunc
955 2170 1115 2248 armatis
1134 2171 1350 2300 omnibus,
1381 2195 1481 2277 quo·

318 2309 409 2363 turn
435 2282 645 2361 nobilitata
661 2281 828 2359 nomina
854 2283 1010 2362 fuerunt
1039 2285 1310 2362 monumentis
1336 2285 1482 2366 Tarra·

319 2395 581 2502 conensibus‚
603 2393 829 2500 prosilibit
819 2417 963 2476 ttetum
983 2397 1025 2478 in
1042 2399 1198 2496 aciem,
1225 2420 1265 2478 et
1282 2399 1481 2508 praelium

318 2512 551 2597 committet
589 2529 730 2638 atron,
757 2507 907 2616 inquo
936 2535 1097 2610 tamen,
1126 2535 1167 2592 ut
1202 2515 1359 2610 credo,
1395 2538 1480 2597 non

318 2627 491 2710 maiores
523 2624 614 2705 edet
632 2625 792 2756 ruinas,
822 2651 1063 2732 quamquam
1081 2628 1398 2736 triumphanti
1369 2629 1482 2708 srmi

320 2746 370 2825 lis
387 2739 552 2824 exsultet
566 2739 789 2849 saepissime
806 2739 1019 2822 Florequs.

378 2861 424 2938 In
441 2883 543 2936 num
558 2885 596 2952 4
616 2853 1071 2934 contemnitFinestresii
1092 2851 1397 2956 coniecturam,
1429 2801 1481 2938 de
1594 2957 1595 2960 ι

318 2999 394 3082 qua
423 2970 514 3050 satis
545 2970 695 3048 abunde
722 2964 957 3046 dictumest
991 2967 1040 3046 ad
1068 2993 1145 3079 cap.
1137 2981 1302 3046 XIIII.
1317 3000 1423 3056 num.
1441 3001 1477 3064 5.

315 3087 428 3190 Qui
418 3113 459 3165 tn
474 3081 676 3192 carpendis
691 3079 911 3160 finesttesii
926 3083 1125 3164 erroribus
1143 3105 1226 3162 tam
1244 3088 1371 3164 cernit
1388 3112 1479 3166 acu-

318 3223 438 3298 tum,
477 3225 596 3306 quam
631 3216 696 3275 aut
734 3195 909 3300 aquila,
946 3220 1016 3276 aut
1043 3223 1198 3306 serpeus
1233 3197 1487 3304 Epidaurius,

318 3317 404 3400 non
419 3309 700 3396 animadvertit
713 3365 729 3408 ,
761 3331 925 3417 poetam
948 3339 1021 3394 nec
1037 3319 1191 3393 bonum
1205 3337 1277 3391 nec
1292 3314 1479 3397 inutilem

318 3444 403 3514 non
416 3431 507 3511 satis
523 3426 574 3507 ad
593 3427 830 3506 metrorum
845 3451 1014 3507 canones
1031 3449 1186 3506 exactos
1202 3428 1375 3534 posuisse
1390 3455 1480 3508 vet-

317 3547 408 3647 ans,
424 3546 501 3653 -qui
529 3548 712 3644 leguntur
727 3541 768 3618 in
786 3541 864 3618 fine
882 3533 1152 3651 inscriptionis
1170 3539 1357 3623 adductae
1374 3573 1478 3624 num.

313 3678 360 3746 ·6.
381 3663 429 3742 de
445 3685 525 3766 quo
539 3658 661 3754 vide,
690 3655 721 3733 si
741 3653 840 3732 tanti
858 3676 944 3753 est,
967 3656 1265 3740 Additionem
1253 3653 1479 3766 suscriptio-

319 3805 417 3881 ιιιιιιι
448 3777 728 3858 Romanarum
750 3794 842 3882 pag.
832 3797 924 3858 .29
942 3771 1099 3886 dequa
1117 3773 1480 3900 superiusmentio·

326 3890 616 3977 nemfcctmus
1376 4005 1393 4082 I

1397 4030 1423 4082 n
