3240 4688
296 231 361 328 80
471 265 799 342 mussrnsstvs
824 268 1002 340 vtumc.
1023 271 1055 337 a
1077 269 1175 338 cnr.
1192 267 1284 342 ttvr.

291 393 391 506 plici
410 393 506 478 loco
522 398 711 479 exhibuit.
736 401 881 500 Quum'
894 397 1095 478 Florezius
1112 401 1229 484 nullo
1251 393 1380 481 modo
1397 409 1461 506 pag·=

297 512 420 592 riatur
437 515 512 591 hos
530 513 745 596 versiculos
765 513 976 622 superioris
993 511 1264 618 inscriptionis
1282 535 1363 593 esse
1380 539 1463 618 pas·

290 646 411 724 tem3
434 628 655 708 necessario
677 651 939 734 consequetur
949 683 965 757 ³.
986 648 1029 705 ut
1046 627 1096 704 sit
1119 625 1330 732 inscriptio
1351 645 1463 733 separ-

293 751 382 824 'tata
399 743 622 822 Tarraconi
644 744 882 840 tribuenda,
909 744 967 820 uti
985 767 1083 819 cam
1113 741 1251 820 tribuit
1272 739 1461 823 Gruterus

287 877 381 968 pag.
370 869 577 938 .DCCVJ.
601 887 665 952 7.:
699 883 769 937 cur
801 857 921 958 igitur
949 881 1039 936 eam
1070 855 1211 934 omisit
1239 855 1458 955 florez-ius,

291 973 366 1076 ·qui
405 967 719 1052 Tarraconensia
758 992 1023 1050 monumenta
1065 971 1195 1051 soluit
1233 971 1374 1048 omnia
1418 973 1460 1058 ist

288 1085 396 1166 hunc
417 1089 557 1165 locum
579 1085 807 1168 includere}
832 1089 898 1167 hic
920 1087 1032 1166 enim
1055 1113 1140 1166 non
1163 1090 1248 1162 vult
1271 1111 1349 1162 esse
1372 1113 1458 1193 par
1527 1151 1536 1166 .
1605 1095 1618 1148 s

289 1220 376 1278 tem
390 1255 406 1296 ,
442 1225 570 1307 neque
595 1202 639 1282 in
670 1202 754 1280 alio
775 1205 873 1281 ioco
906 1223 1108 1309 tamquam
1142 1223 1359 1307 separatam
1386 1223 1457 1309 por·

292 1313 381 1394 suit.
408 1316 572 1394 Vellent
596 1338 700 1397 cette
724 1319 1030 1396 florentissimos
1052 1341 1198 1394 nervos
1223 1316 1458 1397 intendisset

295 1428 497 1509 Florezius
514 1433 557 1510 in
572 1431 837 1542 explicatione
854 1435 965 1510 liuius
985 1431 1258 1509 monumenti:
1271 1431 1331 1512 ¹sic
1343 1433 1459 1520 ‚enim

286 1547 439 1641 dieret,
465 1567 509 1624 ut
527 1545 743 1643 sciremus,
772 1573 893 1652 quem
915 1568 1106 1652 nepotem
1126 1567 1190 1622 aut
1207 1567 1367 1652 neptem
1385 1548 1460 1637 hat·-¹

289 1659 442 1740 buisset
467 1661 566 1742 haec
594 1663 828 1770 Sempronia
856 1657 1053 1768 Lychnis3
1081 1679 1145 1740 aut
1172 1660 1270 1766 quid
1295 1656 1460 1744 tandem

292 1773 452 1855 fecisset
482 1780 578 1857 haec
609 1779 725 1874 avia,
756 1775 867 1884 quod
899 1801 1004 1856 nunc
1032 1777 1216 1883 profecto
1244 1799 1319 1855 nec
1350 1775 1463 1874 sciriy

289 1913 371 1969 ttee
394 1889 566 1968 divinari
590 1911 746 1997 potest:
776 1893 851 1969 nisi
877 1894 981 1969 forte
1006 1895 1193 1969 volumus
1213 1890 1345 1970 dicere
1369 1913 1461 1969 cor-

290 2001 514 2100 rigendum
554 2029 634 2084 esse
659 2007 693 2069 ιδ
723 2005 862 2085 AVIA
900 2003 942 2083 in
972 2002 1118 2102 AVE,
1159 2002 1267 2112 quod
1297 2017 1460 2106 gravate

289 2115 524 2196 admodum
541 2118 1007 2217 concedetHistoricus,
1032 2143 1152 2226 quent
1176 2139 1258 2198 tam
1275 2139 1459 2202 severum

284 2227 411 2312 tuisse
435 2232 608 2314 vidimus
629 2235 669 2314 in
688 2235 965 2316 Finestresium
985 2233 1282 2314 emendantem.
1305 2236 1461 2324 Occun·¹

288 2369 358 2426 :ret
385 2368 518 2428 autem
542 2353 706 2430 fortasse
719 2403 735 2450 ‚
763 2375 858 2430 nam
886 2350 982 2430 haec
1005 2374 1081 2428 una
1103 2370 1283 2456 superest·
1295 2346 1346 2426 ad
1371 2351 1460 2428 sub-¹

287 2463 594 2568 fterfugicndum
619 2465 682 2547 via
695 2519 710 2563 ,
739 2467 835 2547 haec
860 2469 980 2546 verba
1004 2466 1050 2544 ab
1074 2466 1297 2572 impostore
1321 2463 1458 2570 aliquo

294 2575 440 2659 infarta
467 2577 594 2660 fuisse.
621 2579 735 2682 Quid
763 2601 896 2660 aurem
925 2579 1250 2686 respondebimus
1275 2575 1457 2685 Apiano,

277 2693 397 2800 “quid
420 2694 589 2775 Schotto
602 2752 617 2793 ‚
644 2722 692 2776 ex
708 2721 887 2803 quotum
910 2691 1095 2775 schedis
1084 2717 1126 2769 ιιι
1148 2695 1281 2768 lucem
1303 2689 1458 2796 prodiit

294 2809 376 2887 hoc
397 2815 738 2889 monumentum}
767 2808 866 2914 quid
884 2808 1085 2899 Grutero‚
1112 2801 1179 2907 qui
1207 2803 1396 2881 technam
1417 2822 1459 2886 ct

292 2919 439 2998 dolum
470 2947 553 2999 non
580 2921 889 3000 animadvertit?
921 2913 1252 2996 Comburamus
1242 2915 1376 3020 igitur
1384 2943 1458 2997 an·

286 3037 435 3132 mles,
461 3036 663 3115 deleamus
686 3033 855 3133 omnia,
882 3029 1008 3113 fidem
1036 3030 1190 3142 scriptis
1216 3054 1257 3113 et
1284 3031 1459 3124 auctoris

298 3150 370 3228 tati
398 3149 701 3254 derogemus.
1210 3207 1214 3214 -
1450 3197 1455 3210 ·

368 3265 454 3367 Ego
481 3293 617 3348 tamen
643 3261 685 3347 in
714 3270 793 3348 has
806 3265 998 3370 angustias
1020 3263 1206 3384 deductus
1232 3264 1359 3344 malo
1368 3265 1456 3370 plus

294 3381 468 3462 tribuere
486 3381 717 3464 huiusmodi
733 3386 986 3481 auctoribus,
1004 3377 1125 3490 quatu
1140 3369 1264 3462 fidem
1278 3404 1325 3458 ex
1343 3385 1457 3460 rebus

296 3497 482 3578 humanis
501 3500 675 3578 omnino
690 3503 849 3578 tollere.
875 3501 1009 3599 Quare
1028 3501 1159 3576 nullus
1177 3493 1342 3624 dubito,
1360 3494 1458 3624 quin

285 3637 430 3694 :versus
447 3615 611 3692 exhibiti
632 3639 653 3692 a
680 3613 857 3691 Grutero
861 3637 957 3722 pag.
947 3625 1150 3691 .DCCVI.
1159 3637 1204 3702 7.
1214 3629 1289 3688 aut
1306 3609 1384 3689 sint
1401 3611 1459 3688 in·

299 3728 464 3838 scriptio
486 3748 658 3835 separata
681 3734 728 3809 ab
753 3754 799 3806 ea
811 3781 827 3824 ,
854 3749 975 3830 quarn
999 3723 1162 3803 dederat
1185 3723 1296 3804 idem
1321 3743 1459 3802 auctor

289 3873 383 3962 pag.
372 3856 620 3926 ,Lxxxlln
638 3853 815 3939 ιιιιιιι.6;
834 3861 901 3922 aut
913 3863 1002 3949 pars
1023 3841 1160 3939 istius,
1187 3839 1230 3924 in
1252 3837 1380 3978 quod
1378 3860 1460 3928 ma·

1341 3950 1410 4054 gis
