3244 4710
334 265 423 360 ι72
516 287 843 362 rtunsrnnnvs
861 289 1084 361 vtuo1c.l
1102 295 1199 360 cnr.
1218 291 1345 360 xant.

329 455 360 500 „
379 401 735 516 interpretandolas
758 410 822 498 del
850 415 1037 500 Decreto¹
1056 418 1104 500 de
1132 423 1193 498 los
1222 411 1495 499 Decurione's't

329 562 361 612 ‚,
382 522 423 598 lo
438 549 512 627 que
526 552 581 603 no
607 555 647 606 es
679 535 1031 642 correspondiente
1048 562 1070 614 a
1087 534 1251 644 piedra,
1281 533 1373 613 cuio
1399 531 1497 612 sitio

326 681 360 728 „
379 635 441 714 fue
461 641 686 723 concedido
709 673 785 752 por
798 651 836 726 la
855 654 1062 729 Provincia
1084 654 1167 749 (no
1195 673 1269 756 por
1286 652 1349 726 los
1367 648 1499 727 Decuss

329 797 363 844 ‚,
383 751 546 856 tiones)
570 756 580 832 i
603 783 745 864 enque
773 784 885 840 otros
913 766 1113 871 copiantes
1134 761 1283 842 assaden
1316 766 1350 840 al
1383 764 1437 840 fin
1458 767 1498 842 la

326 909 360 956 2,
379 865 447 990 Q,
467 891 543 946 con
566 872 684 976 quien
702 901 755 952 no
770 877 892 984 puede
907 881 1028 957 leerse
1045 883 1303 957 Decurionum
1318 889 1496 974 Derrero,

326 1023 358 1070 2,
379 1001 466 1056 sino
481 995 691 1064 posuerunt
705 1003 762 1068 De
779 996 975 1071 Dicarunr
990 1007 1093 1100 Qus.
1104 1001 1135 1044 “
1145 993 1395 1071 Finesrresius
1411 1015 1498 1070 non

330 1092 571 1216 examinavit
605 1102 834 1198 diligentius
867 1105 1109 1204 Gruterum,
1137 1107 1229 1212 quia
1257 1104 1420 1201 debuit,
1452 1125 1497 1184 ut

330 1227 372 1329 sn
387 1207 587 1318 principio
606 1213 806 1316 diximus,
837 1221 940 1301 hunc
958 1223 1107 1300 librum
1128 1225 1314 1300 evolvere
1333 1219 1373 1296 in
1401 1218 1497 1298 alie·

327 1341 390 1444 ms
408 1321 685 1440 bibliothecis,
718 1332 832 1412 domi
865 1355 952 1416 suae
970 1355 1051 1415 n‘on
1078 1335 1222 1443 potnit.
1251 1332 1500 1428 Noncuile

324 1425 488 1514 nomini
509 1443 706 1546 contingit
721 1447 828 1526 adire
843 1447 1119 1548 Corinthum,
1133 1451 1192 1527 uti
1212 1448 1388 1528 Henrico
1404 1447 1495 1528 Flo-

330 1548 468 1646 rezio,
497 1557 561 1658 qui
580 1559 762 1641 Mantuae
777 1561 1091 1670 Carpetanorum
1111 1551 1338 1660 abundans,
1367 1585 1405 1639 et
1431 1563 1490 1642 iu·

261 1773 285 1780 ‚
325 1681 490 1743 structus
513 1672 698 1753 omnibus
727 1675 991 1778 adiumentis,
1010 1679 1148 1786 quibus
1177 1676 1328 1778 indiget
1357 1676 1502 1756 huius-²

329 1777 444 1857 modi
469 1785 667 1892 scriptor,
708 1813 838 1898 potest
867 1795 1006 1873 omnia
1033 1813 1294 1874 monumenta
1324 1793 1495 1893 castiga-

329 1891 626 1978 tissimeedere.
658 1905 746 1983 Nec
775 1903 920 1986 deinde
938 1902 1203 2014 in'pro'posita
1230 1897 1493 2013 inscriptione

330 2031 562 2117 corruptum
599 2016 780 2122 aliquid,
819 2041 882 2098 aut
927 2021 1185 2129 depravatum
1217 2041 1342 2117 erat,
1381 2017 1493 2128 qnod

329 2119 632 2208 Cervariensem
646 2133 937 2214 Academicum
956 2136 1181 2244 impelleret
1207 2133 1256 2212 ad
1283 2139 1494 2214 consulen-

331 2234 429 2318 dum
475 2241 700 2325 Gruterum.
741 2249 867 2350 Igitur
905 2272 1029 2355 quum
1067 2253 1227 2332 haberet
1264 2252 1494 2355 exemplum

329 2351 444 2434 huius
477 2364 732 2442 monumenti
752 2390 772 2442 a
791 2363 997 2442 Puiadesio
1018 2367 1219 2468 eleganter
1236 2364 1420 2460 editum,
1450 2361 1494 2443 iti

328 2493 412 2574 quo
429 2473 530 2552 nihil
556 2499 640 2554 erat
653 2534 669 2575 ,
697 2478 806 2586 quod
827 2483 879 2560 'ab
909 2503 977 2558 usu
1004 2481 1287 2562 Romanorum
1306 2480 1492 2557 abhorre:

327 2606 415 2681 ret,
445 2587 694 2670 Puiadesium
722 2594 858 2673 citavit
876 2627 884 2672 :
903 2621 1027 2700 neque
1043 2596 1172 2676 voluit
1188 2593 1414 2700 inquirere,
1444 2600 1493 2671 an*
1598 2605 1601 2618 '

328 2701 424 2780 haec
454 2703 662 2814 inscriptio
680 2731 778 2787 esset
802 2709 843 2787 in
863 2707 1121 2790 Collectione
1149 2705 1333 2814 Gruteri,
1364 2705 1494 2812 neque'

327 2839 371 2894 ut
390 2817 430 2896 id
447 2825 595 2919 vellet,
625 2849 747 2930 quum
766 2824 914 2902 librum
932 2829 1036 2902 hunc
1054 2823 1095 2898 in
1109 2819 1297 2927 promplu
1326 2844 1409 2898 non
1424 2823 1499 2900 ha:

328 2937 468 3031 beret,
496 2949 671 3016 caussam
701 2941 826 3014 ullam
854 2937 988 3015 video.
1017 2935 1277 3014 Stomachum
1298 2956 1431 3013 autem
1453 2954 1493 3014 et

326 3045 454 3128 bilem
471 3055 643 3131 maxime
662 3072 827 3130 movent
841 3050 910 3129 illa
924 3055 1061 3129 verba:
1074 3055 1117 3128 ni
1132 3047 1205 3128 leio'
1218 3075 1243 3126 a
1259 3050 1447 3152 Pujades,
1466 3057 1491 3128 Α

326 3169 445 3277 quien
462 3172 556 3245 cira.
593 3166 668 3246 Sed
690 3193 735 3245 ex
755 3191 836 3271 quo
862 3164 1023 3245 tandem
1054 3165 1308 3268 cognoscitur
1341 3161 1494 3244 Cerva-¹

329 3281 499 3358 'riensem
518 3280 805 3361 Academicum
824 3307 907 3359 non
941 3281 1081 3378 legisse
1118 3277 1366 3358 Puiadesium'
1397 3281 1411 3356 ἔ
1443 3283 1492 3362 au'

328 3395 421 3498 quia
449 3398 587 3474 omisit
616 3397 765 3474 litteras
793 3397 880 3474 illas
912 3391 962 3474 D.
993 3395 1043 3472 D.
1071 3419 1165 3499 quas
1188 3393 1417 3471 ¹Puiadesius
1449 3393 1491 3474 itl

326 3512 631 3589 'commentariis
659 3512 751 3608 ait,
789 3509 951 3619 reperiri
982 3509 1024 3588 in
1060 3511 1289 3616 apogiaplto
1324 3508 1492 3588 lcartiil

325 3617 401 3700 Sed
419 3623 447 3700 si
468 3623 689 3704 Puiadesius
700 3680 716 3722 ,
743 3651 865 3730 quum
884 3624 925 3701 id
943 3622 1090 3704 diceret
1114 3621 1156 3701 in
1170 3622 1494 3719 commentariis,

328 3741 460 3817 noluit
478 3764 612 3819 tamen
632 3740 674 3820 in
702 3737 930 3846 apographo
964 3763 1110 3845 ponere
1130 3740 1197 3816 has
1215 3737 1365 3815 litteras
1384 3766 1395 3833 3
1427 3751 1494 3816 cui
1579 3841 1583 3850 Ι

325 3850 384 3935 ius
401 3861 738 3965 culpaerensesse
767 3852 1178 3953 debetFinestresius,
1209 3850 1242 3932 si
1257 3851 1492 3934 fidelissime·¹

1319 3987 1428 4046 trall-
