3244 4710
326 261 425 365 186
494 303 820 373 ainusraasrvs
838 303 1012 374 vrnmc.
1031 309 1062 374 a
1080 307 1179 374 cna.
1200 305 1351 388 xxuu.

323 451 396 510 uos
407 483 422 526 ,
449 427 516 534 qui
535 433 581 510 ab
599 427 705 509 edita
722 431 883 538 Sylloge
902 431 951 512 ad
970 433 1068 514 hanc
1088 431 1198 511 diem
1219 427 1489 532 intercedunt,

319 547 479 622 nullam
508 567 592 622 rem
610 545 805 646 gravioris
833 548 1034 626 momenti
1052 569 1180 627 actam
1208 571 1289 624 esse
1316 545 1355 626 in
1375 547 1495 628 Sena·

325 659 429 736 tibus
442 657 682 738 Academiae
695 658 963 740 Cervatiensis
972 717 988 758 ,
1003 663 1042 740 in
1057 687 1132 768 qua
1148 687 1229 738 non
1240 659 1494 740 Finestresius

325 769 604 854 intervenerltr
622 774 880 854 intervenerit
894 797 1025 856 autem
1039 777 1160 856 dicor
1176 773 1215 853 in
1230 799 1305 880 qua
1320 799 1403 853 non
1419 776 1493 856 ille

326 891 502 966 multum
538 885 768 986 sudaverit,
798 911 838 968 et
869 891 1145 987 laboraverit,
1181 889 1242 968 cui
1282 887 1498 997 perficien-

323 995 426 1096 dae,
460 1023 499 1079 er
519 999 568 1080 ad
585 1003 736 1080 exitum
751 1000 1022 1111 perducendae
1038 1031 1120 1084 non
1134 1003 1358 1112 praefuerit.
1387 1001 1497 1082 Sciat

325 1137 488 1222 oportet
520 1119 598 1196 hoc
630 1136 810 1224 ternpore
837 1143 858 1198 a
884 1118 1127 1199 doctissimis
1153 1141 1246 1197 cum
1263 1117 1497 1226 Hispaniae,

327 1249 413 1306 tum
442 1251 665 1308 exterarum
701 1232 911 1312 nationum
942 1233 1036 1312 viris
1066 1257 1149 1311 non
1182 1235 1304 1312 semel
1333 1233 1496 1311 consul-

328 1363 441 1440 tum,
479 1371 606 1452 neque
626 1345 719 1442 his,
746 1368 817 1452 aut
849 1347 988 1428 amicis
1006 1347 1286 1452 suisumquam
1314 1343 1496 1452 defuisse·

328 1455 429 1538 Non
456 1459 646 1560 ignoret,
675 1461 779 1542 hunc
806 1459 1109 1542 Cervariensem
1128 1461 1417 1539 Academicum
1447 1487 1495 1540 ex

328 1571 408 1654 hoc
438 1574 560 1652 etiam
596 1596 777 1680 tempore
806 1576 906 1654 nulli
929 1602 968 1655 se
987 1599 1176 1681 umquam
1192 1574 1409 1682 pepercisse
1437 1576 1492 1656 la·

329 1686 449 1781 boti3
480 1708 520 1766 et
541 1713 784 1795 quamquam
821 1689 902 1768 iam
933 1689 1028 1768 rude
1045 1689 1240 1768 donatum
1267 1687 1493 1794 saepissime

265 1888 274 1892 ,
329 1797 549 1880 interfuisse
576 1804 808 1910 periculosis
837 1804 1212 1901 exercitationibus,
1242 1802 1397 1908 quaein
1416 1804 1495 1880 flo-

330 1916 554 1996 tentissima
583 1917 655 1997 illa
685 1918 903 1997 Academia
919 1925 966 1998 ab
985 1920 1087 1996 hora
1102 1918 1217 1997 tertia
1248 1915 1493 2023 pomeridia-

329 2054 382 2112 na
399 2029 446 2108 ad
464 2029 640 2110 mediam
669 2051 832 2112 noctem
863 2032 1136 2139 producuntur
1163 2031 1204 2109 in
1232 2025 1494 2138 periclitanda

330 2143 494 2223 scientia
521 2171 662 2224 eorum
675 2199 691 2242 ,
722 2145 790 2251 qui
817 2146 866 2225 ad
885 2145 1128 2228 Doctoratus
1157 2145 1308 2254 apicem
1329 2163 1495 2223 conten·

332 2253 459 2356 dunt,
490 2260 585 2365 quin
603 2260 731 2367 ipsum
747 2260 1023 2369 retardaverit
1053 2283 1118 2341 aut
1147 2259 1381 2366 intempesta
1396 2283 1494 2356 nox,

329 2393 398 2449 aut
416 2377 608 2474 longaeva
633 2395 736 2452 aetas
750 2429 764 2471 ,
796 2395 860 2452 aut
879 2374 1137 2456 inclementia
1161 2371 1289 2469 caeli,
1320 2395 1385 2450 aut
1412 2374 1496 2452 ulla

330 2486 392 2564 vis
419 2487 592 2585 hiemis,
629 2513 726 2595 quae
755 2486 968 2570 Cervariae
999 2492 1289 2571 Lacetanorum
1320 2484 1496 2588 frigidis·

307 2649 309 2656 ·
330 2600 433 2681 sima
450 2622 518 2680 est.
549 2605 818 2703 Languentem
839 2609 853 2705 (
865 2604 905 2706 l)
937 2626 1072 2684 tamen
1088 2625 1128 2682 et
1146 2621 1413 2682 senescentem
1427 2601 1495 2678 ltu·
1601 2643 1604 2666 ‹

331 2712 391 2794 ius
418 2717 594 2794 hominis
625 2715 862 2796 industriam
894 2716 1152 2827 deprehendit
1181 2715 1415 2793 Florezius:
1450 2713 1494 2794 in
1603 2725 1604 2730 ’

331 2837 414 2934 quo
428 2829 617 2911 videlicet
635 2835 649 2910 ἓ
668 2831 757 2936 quia
772 2833 990 2932 Legionem
1008 2831 1138 2938 posuit
1152 2829 1236 2908 Xll
1254 2852 1328 2934 pro
1346 2827 1495 2925 XXII,

333 2965 373 3044 et
388 2945 587 3024 memoria
605 2948 730 3050 lapsus
756 2963 843 3038 est,
868 2945 1039 3024 scribens
1053 2963 1099 3022 at
1129 2963 1185 3020 cst
1210 2940 1313 3054 apud
1327 2941 1495 3021 eumdem
1602 3013 1603 3018 a

331 3064 627 3158 aunarium,
649 3081 772 3166 quum
785 3061 906 3136 vellet
919 3055 1051 3140 dicere
1065 3056 1169 3170 apud
1180 3055 1347 3139 eumdem
1360 3065 1496 3148 crure,
1602 3049 1603 3064 '

373 3445 431 3520 (1)
470 3441 562 3504 Satius
584 3457 678 3510 esset,
701 3458 732 3500 ut
748 3439 888 3500 Florealus
905 3439 1084 3500 mortalitatis
1106 3457 1174 3498 suae
1190 3438 1383 3507 meminisset,
1401 3433 1497 3497 liuius·
1601 3443 1602 3450 ’

353 3542 387 3598 ue
403 3537 481 3582 meru
496 3521 696 3602 properavisset
714 3519 749 3578 ad
771 3519 970 3580 absolvendam
993 3519 1157 3598 Hispaniam
1173 3521 1303 3590 Sacram,
1322 3535 1413 3597 neque
1436 3533 1495 3575 tra-

284 3673 287 3680 Ι
332 3539 432 3662 duetus
456 3619 529 3662 esset
554 3601 632 3670 alio,
649 3616 768 3678 quatuor
790 3599 966 3658 conscribens
990 3599 1155 3669 volumina,
1173 3619 1291 3678 quorum
1306 3597 1362 3656 duo
1377 3595 1413 3654 de
1429 3595 1496 3656 vitis

332 3682 503 3764 Reginamm
524 3679 694 3760 Hispaniae,
714 3681 768 3738 alia
780 3678 814 3738 de
830 3681 953 3738 nummis
967 3696 1054 3760 agunt
1072 3702 1079 3736 ε
1096 3677 1124 3735 in
1140 3695 1197 3757 quo
1210 3679 1301 3762 gravis
1317 3683 1366 3735 'est
1384 3677 1497 3755 querela

332 3781 363 3824 er
388 3761 550 3822 lamentatio
580 3758 748 3820 eruditorum
761 3801 770 3829 ,
791 3779 877 3838 quum
902 3757 1016 3818 videant
1039 3757 1215 3828 hominem,
1240 3761 1288 3838 qui
1312 3756 1392 3815 illam
1415 3757 1498 3834 Spar.
1596 3765 1601 3788 ⁴

333 3861 391 3905 tam
410 3843 597 3902 exornandam
613 3857 783 3918 susceperat,
803 3855 862 3898 tam
877 3838 958 3898 facile
976 3838 1127 3897 deseruisse
1137 3858 1246 3898 tursum
1260 3837 1402 3899 Historiae
1416 3854 1494 3906 suae,

332 3946 437 4016 quem,
460 3924 487 3982 si
508 3921 578 4002 quid
600 3919 760 3990 helmwinus
784 3921 933 4002 contigerit
954 3915 1157 4012 anuoriauu'n
1179 3917 1221 3980 ita
1240 3918 1322 3980 facile
1343 3931 1497 3996 sequuntut

332 4022 450 4086 posteri.
1346 4023 1347 4028 κ
