3244 4710
345 368 438 490 ¹43
512 385 838 521 Fluusru'uslvs
876 415 1052 524 uuum
1093 418 1125 481 n
1163 395 1261 506 cue.
1286 417 1396 485 xxu.

342 563 397 617 no
415 537 739 638 legimusflanc
771 539 1076 640 difficultatem,
1109 567 1207 648 quae
1235 542 1397 651 optimo
1424 538 1510 628 cui*¹

340 679 419 758 que
453 675 585 762 posset
610 680 846 752 occurrere,
876 655 987 734 tollit
1026 655 1277 736 Pinestrtsius
1319 678 1507 756 asserens,

319 769 421 847 iroc
450 768 656 848 neminem
685 795 851 851 movere
877 768 1049 868 debere,
1080 772 1173 878 quia
1199 771 1317 852 Titus
1347 771 1509 858 vivente

339 905 478 992 patre,
506 907 550 978 ut
581 905 794 966 constater
809 883 1002 964 Suetonio
1023 885 1065 965 iu
1083 892 1166 964 Tit.
1181 911 1260 998 cap.
1280 899 1352 968 VI.
1372 883 1511 981 habuit

338 995 425 1077 iam
442 997 713 1080 Tribunitiam
732 1019 998 1108 potestatem,
1029 1021 1144 1108 atque
1173 1001 1273 1081 adeo
1298 1001 1341 1079 in
1369 1001 1509 1108 primo

342 1139 449 1191 anno
480 1111 672 1222 Imperii,
702 1140 783 1221 quo
814 1117 998 1213 regnabat
1024 1119 1130 1193 solus
1146 1171 1161 1212 ,
1192 1137 1231 1193 et
1261 1115 1303 1194 in
1331 1115 1508 1222 septimo

341 1225 563 1336 Consulatu
585 1229 717 1336 potuit
743 1233 949 1336 plusquam
980 1228 1154 1336 primum
1184 1251 1333 1309 annunt
1361 1226 1509 1308 Tribu-

340 1344 463 1422 nitiae
480 1343 683 1450 potestatis
701 1369 920 1424 numerare.
948 1343 1028 1424 Hie
1046 1365 1176 1422 autem
1194 1343 1243 1423 ad
1261 1344 1505 1452 carpendum

333 1461 591 1564 promptulus
623 1459 788 1560 insurgit
809 1459 859 1536 et¹
877 1459 1022 1538 clamat
1054 1457 1254 1537 Florezius
1273 1493 1281 1535 ε
1301 1462 1337 1538 io
1365 1463 1508 1571 simtu,

338 1601 411 1682 que
437 1593 516 1649 ertu
542 1600 590 1650 no
620 1574 656 1651 le
684 1577 888 1654 movierea
904 1575 1206 1683 Finestrespara
1224 1599 1379 1650 eonucer
1391 1627 1406 1670 ,
1432 1601 1506 1683 que

332 1690 403 1764 'sin
420 1685 521 1764 duda
536 1685 605 1764 hai
628 1690 727 1766 ierro
741 1717 786 1766 en
800 1687 837 1765 el
850 1693 924 1764 aiio
942 1697 1000 1762 II.
1015 1685 1061 1764 de
1079 1687 1120 1766 la
1135 1695 1171 1764 T
1173 1682 1365 1764 ribunicia
1375 1709 1506 1798 potes-

338 1801 413 1880 taa'
421 1857 435 1896 ,
463 1803 480 1877 i
505 1801 716 1882 Consulaa'o
750 1805 939 1913 septimo,
962 1825 1108 1913 parque
1125 1801 1164 1878 lae
1183 1811 1220 1878 T
1219 1798 1413 1879 ribunicia
1428 1825 1501 1913 pu-

340 1915 474 1993 testad
486 1913 635 2027 empezu'
646 1945 691 1994 en
707 1915 745 1994 el
757 1925 830 1993 ario
845 1915 971 2008 de71.
999 1945 1043 1993 en
1071 1916 1109 1992 el
1131 1913 1342 1994 Consulado
1358 1936 1505 2012 tercerp

339 2029 384 2108 de
400 2057 446 2106 su
464 2029 599 2107 Padre.
627 2029 703 2108 Sed
721 2055 766 2108 ex
783 2053 865 2134 quo
891 2027 1053 2108 tandem
1068 2031 1163 2108 loco
1181 2030 1296 2109 seivit
1322 2028 1504 2108 Histori-
1597 2113 1598 2120 Ν

339 2168 405 2222 cus
424 2169 594 2239 ann.7t.
614 2147 805 2224 collatam
827 2142 943 2222 fulsse
966 2143 1067 2222 Tito
1090 2144 1330 2252 Vespasiano
1356 2143 1504 2222 Tribu-

335 2257 482 2336 nitiam
510 2279 746 2366 potestatem
769 2261 784 2336 ἔ
807 2255 913 2336 dicet
927 2313 942 2355 ,
975 2255 1125 2354 credo,
1152 2283 1196 2336 ex
1217 2256 1395 2337 Suetonii
1416 2262 1502 2337 lau·
1597 2313 1598 2345 ,

324 2369 435 2450 ,dato
447 2377 543 2451 luco
560 2403 570 2450 ε
590 2371 839 2480 nequeenim
859 2367 900 2450 id
915 2397 1046 2479 aperte
1075 2390 1288 2474 constater
1308 2373 1502 2456 ullo'alio

336 2487 559 2596 strip-tote,
591 2513 717 2596 neque
748 2487 841 2566 alias
860 2511 989 2566 caussa
1014 2507 1112 2564 esset
1125 2541 1140 2582 ,
1175 2487 1501 2590 carminaretur,

334 2602 414 2680 hoe
433 2627 514 2679 non
532 2602 703 2681 movisse
730 2599 1020 2682 Finestresium.
1047 2599 1123 2681 sed
1142 2601 1222 2680 iam
1253 2625 1331 2700 ego
1349 2601 1500 2700 miror,
1593 2673 1594 2688 r

296 2773 304 2788 .
335 2714 447 2822 quod
473 2715 673 2795 Flotezius
702 2717 879 2796 Suetonii
910 2741 1048 2797 verum
1079 2739 1234 2793 sensum
1264 2741 1348 2792 non
1378 2717 1500 2795 fuerit
1593 2763 1594 2771 κ

329 2853 569 2934 assequutus.
598 2831 708 2910 Nam
739 2831 810 2908 illa
838 2834 957 2909 verba
974 2866 983 2910 :
1001 2851 1040 2907 et
1068 2827 1187 2906 eidem
1213 2828 1365 2936 Collega
1397 2853 1440 2906 er
1458 2835 1500 2910 in

332 2941 562 3030 Tribunitia
569 2965 793 3058 potestate,
821 2966 860 3020 et
881 2945 927 3020 in
941 2965 1078 3054 septem
1096 2939 1373 3022 consulatibus
1379 2943 1495 3048 fuit,
1590 2989 1591 2992 ¹

286 3081 290 3090 ·
332 3057 418 3139 non
435 3058 657 3158 significant
673 3057 817 3138 Titum
833 3055 1117 3164 Vespasianum
1146 3056 1245 3165 patri
1263 3055 1390 3136 suoin
1407 3083 1500 3138 om·
1589 3119 1590 3162 ζ

330 3173 445 3254 nibus
463 3196 612 3282 septem
630 3171 919 3252 Consulatibus⁴
938 3171 1054 3250 fuisse
1081 3169 1295 3272 Collegam
1313 3172 1435 3250 etiam
1456 3174 1500 3254 in
1588 3223 1589 3242 r

330 3287 560 3370 Tribuniria
578 3305 797 3397 potestate,
828 3289 894 3386 (ut
921 3287 995 3366 sibi
1021 3285 1251 3394 persuadere
1271 3284 1430 3366 videtur
1456 3307 1498 3368 et

327 3403 447 3482 debet
465 3403 665 3486 florezius
678 3459 694 3506 ,
721 3421 763 3492 ut
785 3399 974 3482 eumdem
993 3403 1140 3482 iocum
1166 3400 1348 3479 adversus
1380 3401 1496 3500 Fine-

291 3593 294 3602 ,
328 3520 692 3619 stresiumurgeat)
718 3515 791 3594 sed·
804 3516 983 3600 indicant
1000 3511 1143 3594 Titum
1167 3515 1282 3594 fuisse
1302 3515 1496 3622 patrituo

316 3628 486 3722 ¹'socium
501 3632 541 3710 in
556 3635 629 3712 hue
645 3650 869 3739 potestate,
902 3651 941 3710 et
959 3630 1000 3707 in
1018 3649 1169 3736 septem
1184 3625 1490 3742 Consulatibus:

323 3761 409 3862 ‘quo
423 3759 554 3832 antem
581 3768 763 3852 tempore
783 3745 959 3852 coeperit
977 3769 1058 3822 esse
1074 3742 1203 3822 socius
1230 3744 1332 3850 patri
1359 3761 1431 3825 s'uo
1449 3743 1493 3824 in

322 3863 553 3951 Tribunitia
569 3881 791 3970 potestate,
820 3860 864 3938 id
888 3885 971 3958 pon
1000 3858 1102 3946 diei-t,
1126 3859 1347 3964 Suetonius.
1382 3856 1490 3938 iliud

313 3992 457 4062 *autem
486 3983 559 4060 hae
584 3971 880 4071 evidentissima
907 3972 1073 4054 ratione·
1090 3971 1380 4082 eontiudu'rsi
1411 3971 1489 4085 iste

422 4121 425 4128 ·
824 4127 836 4140 ·
880 4122 886 4138 ·
1176 4100 1188 4114 ‘⁴
1368 4091 1431 4182 10·⁴
