3244 4710
365 309 561 376 vonvu.
592 307 736 374 xxuu.
764 305 891 376 msa.
925 305 1053 374 suern
1190 291 1191 295 ‘
1215 277 1311 390 167

142 459 228 518 non
255 433 377 516 video
402 461 483 541 quo
508 455 625 542 pacto
650 433 803 540 possint
823 433 895 512 ista
914 427 1137 512 conciliari.
1170 429 1245 511 Sed
1263 431 1307 512 id

144 549 263 632 fuerit
278 549 468 631 indicasse
490 551 593 628 satis.
621 561 744 633 Num..
758 575 821 638 39.
852 547 907 628 ait
937 546 1136 627 Fiorezius
1155 578 1165 625 r
1186 600 1217 643 „
1232 546 1312 628 En-

143 671 176 766 3,
193 687 335 744 tontes
362 663 428 746 dia
459 686 536 744 tres
567 664 616 744 de
648 668 710 742 los
733 665 819 742 idus
847 661 897 742 de
915 663 1085 742 Febrero
1114 687 1153 740 se
1183 656 1251 739 did
1272 665 1317 742 la

122 829 179 881 -,,
197 779 396 860 sentencia
414 781 544 858 hecha.
556 806 630 888 por
655 793 700 858 L.
724 783 856 857 Novio
884 779 1012 881 Rufo,
1039 774 1199 877 Legado
1227 774 1314 854 Au·

145 941 179 994 3,
195 899 350 997 gustas,
383 893 603 1002 Propretor
621 894 670 972 de
689 898 725 970 la
743 891 956 972 Provincia
981 890 1161 970 Citerior
1179 889 1228 970 de
1246 889 1316 968 Es‹

147 1011 436 1116 5,.pa1‘ra:pues
466 1035 618 1116 aunque
640 1009 935 1116 Gruteropone‘
961 1006 1042 1088 PR.
1072 1005 1154 1087 PR.
1185 1006 1236 1084 V.
1263 1000 1316 1086 C.

146 1155 179 1224 ς,
198 1124 210 1200 1
227 1151 276 1204 en
296 1125 352 1202 mi
380 1125 495 1231 copia
524 1133 597 1210 '‘P‘P.
616 1123 685 1206 PR
707 1123 744 1200 V
772 1120 808 1200 C
826 1154 834 1216 3
859 1148 953 1201 creo
971 1147 1046 1227 que
1073 1120 1173 1200 debe
1188 1125 1312 1200 leerse

144 1285 178 1338 9,
197 1237 279 1326 PR·
299 1238 352 1316 Η.
367 1235 406 1315 C
432 1237 708 1338 (PRovinciae
735 1235 950 1347 Hispaniae
966 1235 1204 1336 Citerioris)
1226 1261 1336 1345 pon.

146 1399 178 1450 5,
197 1379 271 1458 que
286 1352 336 1430 de
353 1356 447 1430 otro
477 1351 608 1431 modo
622 1379 678 1431 no
696 1349 853 1432 declara
866 1356 903 1428 ei
917 1349 1078 1451 Legado
1093 1355 1135 1434 ei
1150 1352 1317 1427 territo·-

148 1511 181 1564 „
201 1467 262 1545 rio
280 1466 328 1544 de
346 1491 388 1544 su
408 1465 619 1548 autotidad
631 1521 646 1565 ,
680 1465 692 1542 i
713 1463 807 1545 cada
826 1490 907 1544 uno
926 1469 1226 1544 acosrumbraba
1250 1490 1320 1548 err·¹
1434 1479 1439 1488 '

148 1625 179 1678 ,‚
198 1607 328 1688 presan
344 1584 380 1660 la
395 1581 604 1662 Provincia
631 1580 679 1660 de
709 1605 751 1658 su
776 1579 1048 1687 jurisdiccion.
1080 1587 1111 1628 ‘⁶
1133 1579 1210 1657 Hic
1238 1604 1316 1679 ego

124 1717 259 1776 certe
283 1699 435 1772 nnllam
456 1721 630 1774 caussam
656 1693 808 1790 vide0,
841 1720 908 1775 cur
927 1715 1065 1772 contra
1089 1693 1212 1772 fidem
1228 1719 1315 1771 om«

150 1809 266 1886 nium
285 1809 576 1916 exemplarium
605 1809 743 1887 debeat
761 1807 986 1890 Historicus
1012 1807 1226 1886 emendare
1249 1809 1321 1884 rit-

125 1965 129 1974 ·
152 1923 390 2018 teramvin
406 1923 481 2021 H,
511 1951 636 2031 quum
661 1925 866 2005 retenta-V
884 1921 1150 2004 commodum
1179 1927 1320 2008 habeat

152 2059 342 2138 sensum,
374 2038 581 2142 designato
607 2045 699 2122 Viro
729 2039 962 2136 consulari,
994 2060 1058 2118 aut
1077 2039 1318 2134 Clarissim03

154 2177 229 2230 nec
247 2150 406 2228 aliunde
423 2154 639 2230 necessaria
654 2155 704 2229 sit
717 2155 799 2230 ulla
817 2153 1028 2230 correctio.
1058 2149 1184 2250 Quod
1207 2153 1321 2230 eninr

126 2265 212 2345 ‘air
225 2319 241 2361 ,
272 2264 303 2340 si
336 2264 551 2343 retinemus
569 2268 746 2359 litteram
765 2265 834 2361 V,
857 2289 939 2343 nou
967 2265 1135 2344 indicari
1163 2265 1323 2343 iurisdi-

128 2377 306 2460 «trionis
324 2381 509 2478 iocum,
549 2399 633 2460 non
675 2405 916 2486 magnopere
946 2401 1069 2480 urget.
1105 2379 1216 2458 Nam
1242 2379 1325 2485 ipse

152 2493 358 2574 Florezius
388 2519 468 2605 cap.
483 2508 571 2573 Ill..
595 2523 697 2574 num.
718 2521 783 2572 ιο.
813 2494 941 2602 posita
962 2492 1231 2600 ‚inscriptione
1253 2491 1325 2570 de-

154 2609 290 2688 dicata·
322 2609 365 2687 L.
400 2608 611 2688 Corneliow
633 2607 789 2706 Celso,
823 2608 891 2714 qui
922 2607 1068 2690 dicitnr
1103 2609 1325 2687 Praefectus

1 2715 2 2734 ¹
115 2770 117 2774 ·
155 2749 258 2804 torae
276 2724 529 2820 maritimae,
546 2725 683 2802 airsEl
698 2723 802 2804 Celso
812 2779 827 2820 ,
841 2749 865 2801 a
879 2726 994 2833 quien
1011 2725 1163 2803 Licinio
1174 2723 1324 2834 puso'la

153 2845 440 2918 utrememoria
451 2893 477 2938 ,.
491 2865 560 2918 era
577 2835 747 2940 Preficto
758 2839 802 2917 de
814 2840 854 2916 la
868 2859 974 2916 costa
986 2871 994 2914 :
1002 2861 1091 2949 pero
1105 2865 1152 2930 no
1172 2861 1327 2950 expresa

155 2954 199 3031 ra
222 2955 453 3064 inscripcion
468 2955 512 3032 de
524 2976 737 3064 quetcosttr..
752 2949 898 3034 Creible
919 2983 989 3052 es,
1015 2981 1087 3064 que
1105 2951 1181 3057 fue
1211 2955 1251 3032 la
1281 2953 1327 3034 de

159 3077 196 3148 T
196 3092 388 3178 arragone
404 3121 420 3161 ,
438 3069 492 3145 de
509 3097 579 3178 que
596 3099 634 3148 se
645 3095 705 3147 ‘va
722 3091 918 3166 atratar,
949 3069 1040 3176 quia
1057 3068 1208 3148 scilicet
1224 3066 1326 3146 Tar„

1 3229 2 3238 t
72 3260 75 3267 ,
157 3183 532 3262 raconesinventus
574 3184 682 3289 lapis.
729 3183 843 3262 Idem
887 3183 1086 3266 florezius
1120 3182 1211 3263 eod.
1245 3206 1325 3292 rap.

1 3755 3 3852 i

156 3325 262 3377 num.
278 3321 343 3376 ια
366 3296 420 3376 ait
440 3327 448 3373 :
468 3298 605 3376 Ponela
625 3309 784 3378 Gruteru
805 3350 923 3376 .....
931 3341 933 3348 v
945 3327 1047 3378 como
1066 3302 1255 3376 existente
1278 3325 1324 3378 en

154 3425 389 3523 narragam
406 3468 420 3508 ‚
443 3438 515 3524 por
531 3415 651 3526 loque
667 3413 969 3525 correspondena
986 3437 1069 3492 esta
1095 3413 1250 3497 Ciudad
1263 3412 1322 3492 lor

154 3556 293 3640 sargos
308 3533 353 3608 de
368 3529 461 3608 Edil
479 3519 539 3613 &c
541 3583 656 3607 .....
677 3533 695 3607 i
708 3553 781 3640 por
806 3529 849 3608 lu
868 3531 1002 3606 mismo
1032 3531 1194 3613 decimor
1206 3584 1221 3625 ,
1252 3557 1324 3638 que

153 3639 277 3722 dabla
303 3645 402 3724 dela
428 3644 597 3722 costa-de
614 3652 871 3754 Tarragona,
892 3671 1007 3732 roma.
1032 3637 1270 3759 corresponde
1297 3671 1323 3724 a

163 3765 279 3868 quien
290 3788 338 3839 no
355 3757 554 3838 leexcluie
573 3783 646 3870 por
671 3763 865 3870 expresion
882 3757 925 3836 de
952 3783 1039 3838 ntra
1056 3785 1175 3840 costa.
1207 3757 1327 3834 Eam-

148 3874 260 3978 ,dern
299 3900 388 3978 rem
415 3873 650 3978 ..Histra-ricus
687 3895 798 3980 urget
833 3871 1015 3982 adversus
1047 3872 1325 3956 Finesrresium

1011 4095 1013 4100 ,
1110 3999 1277 4106 rap.Xl·
