3244 4710
334 255 341 264 ·
406 251 586 320 votvm.
620 199 1065 318 xxl111.H1sP.SacR.
1235 209 1326 334 ²173

163 365 428 458 transcribens
441 375 691 456 Pniadesium
709 374 841 454 noluit
866 400 928 453 eas
955 400 1133 480 ponere,
1159 401 1329 482 praescr·
1380 385 1385 394 '

168 493 246 570 ¹tim
274 518 398 598 quum
435 490 586 572 videret
614 496 769 570 nullam
803 492 975 598 recipere
1002 513 1114 596 posse
1144 486 1332 592 commoss¹

168 605 263 685 dam
283 606 664 715 interpretationem.
693 603 818 706 Quod
838 605 868 682 si
888 603 990 682 nihil
1006 625 1090 701 est,
1118 603 1227 710 quod
1244 619 1335 712 pros·

162 743 257 830 pter
286 723 388 801 lianc
418 745 503 798 rem
529 720 807 799 Finestresium
836 717 1166 826 reprehendamus
1193 775 1208 816 ‚
1242 719 1330 828 quid

167 831 272 915 'feret
305 861 481 917 severam
511 855 550 916 et
580 830 851 967 importunam
883 835 997 912 illam
1026 857 1259 930 censuram,
1289 837 1334 914 ui

170 946 246 1052 leiu'
262 979 286 1027 a
304 964 372 1052 Pup
368 950 465 1027 ader
480 977 505 1028 a
521 953 636 1059 quim
654 953 764 1028 citat.
754 955 767 1009 ²
786 946 897 1054 quod
916 945 1028 1026 valde
1043 948 1261 1056 ignobilis,
1290 954 1332 1030 et-

170 1061 414 1142 intolerandi
438 1065 640 1174 scriptoris
668 1087 776 1142 esset.
809 1063 880 1141 Ait
898 1063 1048 1141 etiam·
1068 1065 1085 1139 i
1100 1063 1224 1172 loque
1248 1069 1332 1142 mai

169 1207 288 1274 ειμι
291 1179 447 1290 legando
464 1206 488 1255 a
502 1181 700 1256 Moralesi
717 1205 740 1254 a
756 1191 865 1255 Icart
879 1201 925 1256 ιιι
941 1173 1036 1254 dio‘l
1018 1179 1058 1254 la
1068 1179 1204 1287 piedra
1231 1193 1333 1256 como'

167 1295 267 1372 rnel
265 1296 436 1372 loscone
438 1293 562 1400 llfina
545 1291 682 1370 lch.
700 1291 760 1372 D.
752 1293 812 1368 ·si
830 1309 963 1370 tamen
979 1289 1118 1370 dedit'
1108 1290 1335 1420 inscriptio·

171 1432 266 1486 nem
285 1407 432 1486 eodem
457 1406 613 1504 modo,
641 1433 722 1512 quo
744 1428 897 1484 exarata
914 1427 997 1482 erat
1019 1409 1063 1504 (i
1047 1406 1123 1508 r)
1113 1433 1152 1484 tn
1171 1396 1334 1487 Puiade·

164 1523 261 1618 sio,
289 1547 407 1628 quem
437 1521 541 1600 inter
573 1521 672 1599 alios
704 1521 826 1617 citat,
857 1541 896 1598 et
924 1520 1075 1626 inquo
1112 1542 1216 1599 certe
1247 1531 1333 1602 nod

167 1659 262 1713 sunt
279 1637 372 1714 istae
388 1637 572 1732 litterae,
591 1636 688 1740 quid
706 1635 811 1714 dicet
826 1634 1025 1714 Florezius
1044 1639 1057 1712 Ξ
1076 1637 1215 1734 Quum
1229 1638 1336 1714 mul·-

165 1749 203 1824 .ti
222 1747 430 1828 laudantur
460 1771 667 1858 tamquam
697 1771 903 1844 auctores,
937 1774 1004 1852 qur
996 1748 1244 1834 litteratum
1261 1745 1333 1830 ali·

162 1873 291 1986 quem
322 1861 499 1971 lapidem
529 1869 821 1964 vulgaverunt,
852 1889 898 1941 ex
928 1887 1170 1970 unoquoque
1202 1863 1335 1964 seligi

168 2003 258 2055 mus
275 2005 319 2057 ea
333 2035 348 2076 ,
376 2007 472 2085 quae
504 1983 619 2059 nobis
647 1979 890 2060 correctiora
917 1999 956 2058 et
983 1977 1331 2057 emendatiora
1277 2004 1336 2060 vr-

171 2089 345 2170 dentur.
335 2115 494 2172 ‘totam
514 2115 644 2173 autem
663 2093 965 2198 inscriptionem
983 2091 1155 2170 fideliter
1182 2117 1336 2201 expres-

171 2211 257 2282 sam
283 2227 323 2282 et
355 2206 663 2313 respondentem
693 2207 920 2335 apographo
947 2205 1246 2312 uniuscuiusque
1265 2233 1334 2309 auf-

164 2319 295 2399 -etoris
325 2319 467 2418 edere,
496 2321 581 2399 fieti
600 2342 704 2400 certe
719 2345 784 2400 vtx
798 2343 990 2426 umquam
1015 2341 1175 2427 potest,
1208 2303 1334 2428 quuni

171 2436 254 2514 fere
268 2459 425 2542 semper
439 2435 570 2540 aliqua
584 2437 752 2514 variatio
768 2435 831 2512 sit.

199 2550 277 2636 ln
294 2579 396 2629 num.
415 2554 451 2630 8.
470 2551 629 2630 affertur
655 2577 675 2629 a
702 2547 927 2629 Florezio
915 2549 1124 2657 inscriptio
1151 2507 1334 2635 dedicata

170 2645 249 2742 Cn.
279 2663 410 2742 Cavio
437 2665 681 2772 Amethysto
715 2663 919 2744 Balearico
947 2665 1145 2768 Palmensi
1174 2689 1213 2746 et
1241 2656 1336 2746 GV

164 2769 454 2858 IVNTANO.
484 2779 735 2880 Finestresius
752 2805 874 2884 quum
900 2782 944 2857 in
961 2761 1170 2884 Balearicis
1198 2781 1336 2860 insulis

165 2885 326 2970 trullam
356 2894 458 3000 apud
484 2895 668 3002 antiquos
701 2893 960 3002 Geographos
992 2894 1159 3004 reperiat
1186 2896 1337 2984 Guiun-

172 3025 286 3101 tam,
314 3027 353 3083 et
371 3007 466 3085 sciat
493 3009 534 3088 in
559 3012 684 3088 insula
710 3009 908 3088 Balearica
926 3009 1076 3088 minori
1067 3010 1337 3093 Iamnonem

172 3118 378 3198 civitatem
396 3121 542 3220 fuisse',
569 3151 612 3201 ex
633 3129 707 3230 qua
722 3124 1058 3230 IAMNOTANI
1088 3124 1335 3223 dicebantur,

172 3233 385 3336 legendum
418 3245 529 3342 puta‘t
561 3237 1022 3344 lAMNOTANO..p'ro
1054 3237 1332 3320 GVIVNTA·

171 3345 286 3444 ΝΟ,
315 3372 379 3430 aut
412 3349 819 3430 GVIMONTANO.
846 3349 1047 3432 Florezius
1078 3375 1217 3433 contra
1247 3381 1336 3434 ma-

170 3469 256 3545 vult
278 3465 437 3547 credere
451 3521 466 3564 ,
490 3459 763 3546 Guiuntanum·
788 3464 872 3554 clici
903 3471 955 3566 ab·
983 3466 1113 3574 aliqua
1148 3467 1336 3572 Guiunta,

1179 3613 1277 3694 quae

168 3775 845 3850 “““““““““““““““
794 3773 797 3778 ¹
845 3813 1340 3864 ——q--u-——a-p

161 3865 165 3872 ’
209 3875 242 3948 (ι
232 3873 263 3954 ι’)
303 3873 376 3934 Vade
390 3873 569 3939 Paradesrum
588 3875 637 3937 lib.
650 3897 679 3948 4.
697 3894 806 3958 cap.39
810 3875 883 3958 ..fol
897 3884 964 3956 183.
980 3875 1028 3938 ubi
1047 3875 1155 3966 hqtlrdo
1169 3875 1225 3948 td
1251 3855 1327 3956 quod

166 3945 306 4028 dicimus,
331 3953 499 4038 pervidebis.
