3240 4688
321 298 393 394 ,86
528 335 856 408 musseuusrvs
877 336 1054 404 vrumc.
1072 338 1103 404 r
1123 337 1221 404 cnr.
1238 337 1330 406 svn

312 481 346 564 ,ς
363 483 482 543 torno
504 493 542 560 4.
557 469 639 567 >en
658 467 696 542 el
716 465 796 542 afro
816 462 866 542 de
888 466 980 544 182.
998 460 1048 542 de
1071 462 1266 561 Christ03
1288 464 1301 542 i
1320 469 1364 546 lo
1383 463 1477 550 mis,-

311 617 345 676 „
363 604 558 684 mototras
579 578 865 687 inscriptiones
881 578 938 658 de
962 599 1059 660 estas
1080 575 1278 660 Calendas
1296 579 1344 660 de
1364 580 1475 664 Mar.-

306 721 411 791 „zo
432 721 481 773 en
500 691 715 790 Relando,
744 694 758 772 i
786 692 836 772 de
855 693 974 772 Abril
992 719 1042 772 en
1063 693 1261 774 Muratori
1281 699 1323 792 al¹
1336 697 1474 776 habiat

306 807 408 906 „de
432 814 494 888 los
519 809 726 889 Consules.
742 815 773 858 “
801 806 1057 886 Finestresius
1082 833 1195 914 super
1212 811 1314 890 hanc
1332 809 1474 889 inscri-

304 922 491 1031 ptionem
502 979 516 1020 ,
531 945 629 1030 quae
645 944 704 1002 est
717 947 779 1002 nn
791 951 826 1016 5.
840 924 946 1004 Clas.
960 935 996 1002 l.
1005 979 1038 1021 „
1060 923 1246 1008 Fortassis
1264 923 1472 1032 epitheton

307 1089 341 1134 „
360 1043 592 1152 Campestris
616 1058 698 1116 tam
722 1037 844 1116 Marti
858 1092 873 1134 ,
901 1064 1020 1144 quam
1047 1039 1214 1118 Nemesi
1240 1036 1471 1118 indiderunt

308 1154 669 1262 „inscriptionum
694 1172 880 1232 ‘auctores
909 1178 931 1232 a
964 1177 1090 1263 campo
1128 1151 1280 1237 scilicet
1295 1210 1311 1252 ,
1342 1179 1466 1260 quum

303 1318 337 1366 ,‚
355 1273 489 1382 Campi
504 1293 632 1348 essent
649 1279 833 1348 Doctores
844 1322 858 1364 ,
882 1267 939 1346 uti
957 1267 1197 1373 exprimitur.
1212 1270 1378 1370 integris
1398 1298 1466 1354 vo

303 1431 337 1480 ,‚
355 1385 502 1466 cabulis
515 1439 531 1482 ,
563 1385 604 1461 in
630 1407 674 1461 ea
687 1437 703 1479 ‚
729 1409 828 1488 quae
851 1383 1016 1462 Nemesi
1040 1383 1115 1460 fuit
1145 1405 1371 1466 consecrata
1385 1442 1401 1481 ,
1427 1411 1467 1466 et

304 1499 598 1608 „significatur
622 1497 668 1574 in¹
685 1516 785 1574 voce
808 1509 925 1606 camp
946 1498 988 1572 in
1014 1518 1155 1574 nostro
1183 1497 1326 1604 lapide.
1349 1500 1467 1580 Hunc

305 1666 339 1712 „
356 1611 555 1720 siquidem
574 1610 632 1690 sic
647 1609 913 1716 interpretor,
931 1629 974 1686 ut
990 1609 1186 1708 significet
1205 1612 1326 1692 Marti
1345 1611 1467 1696 Cam·

305 1782 340 1828 ‚,
357 1727 477 1836 pestri
495 1753 571 1835 pro
587 1729 711 1806 salute
730 1723 990 1832 Imperatoris
1005 1723 1263 1822 Commodi,
1291 1754 1331 1808 et
1346 1728 1468 1834 Equi·

306 1899 340 1943 „
357 1865 445 1922 tum
480 1841 749 1942 Singularium
777 1863 887 1916 aram
919 1842 983 1918 vel
1013 1841 1145 1946 potius
1173 1861 1374 1940 statuam,
1406 1863 1471 1922 aut

306 1946 557 2063 „templum
581 1953 781 2032 dedicasse
799 1954 813 2050 (
828 1974 869 2030 ut
887 1951 928 2031 in
956 1955 1037 2034 alio
1060 1956 1226 2036 Nemesi
1247 1983 1323 2065 pro
1347 1961 1471 2038 salute

307 2071 661 2172 ‚,·.Augasrorum)
680 2066 823 2164 Titum
848 2068 1060 2148 Aurelium
1084 2069 1302 2152 Decimum
1316 2073 1473 2173 Legio-

306 2185 419 2287 „nis
435 2183 626 2294 septimae
642 2180 783 2260 Felicis
801 2179 1075 2288 Praepositum
1090 2185 1210 2264 simul
1224 2241 1239 2282 ,
1267 2209 1308 2266 et
1325 2185 1472 2294 Campi

306 2355 340 2400 „
358 2299 613 2398 Ductorem,
643 2296 701 2374 uti
721 2297 957 2376 nominatur
979 2298 1080 2406 apud
1099 2299 1314 2402 Vegerium
1342 2301 1393 2381 de
1408 2301 1471 2382 Re

307 2429 342 2515 „'
361 2415 451 2494 Mil.
469 2415 540 2494 lib.
558 2441 595 2503 ³·
620 2438 701 2520 cap.
722 2413 760 2491 8.
775 2467 786 2490 .
802 2468 812 2491 .
829 2468 839 2488 .
856 2467 893 2491 ..
910 2411 1135 2494 Redeamus
1149 2413 1202 2494 ad
1218 2439 1399 2498 nostrum
1418 2415 1472 2498 T.

309 2530 574 2630 „Aurelium
592 2527 832 2606 Decimum.¹
850 2528 930 2608 Hic
948 2526 1145 2608 Centurio
1168 2532 1272 2630 (eius
1294 2553 1390 2612 nota
1414 2551 1472 2610 est

308 2645 469 2752 „diple
487 2649 555 2745 >l
576 2643 763 2745 Legionis
780 2642 875 2724 Vll.
894 2642 1087 2722 Geminae
1103 2644 1272 2740 felicis,
1294 2663 1392 2748 quae
1413 2674 1469 2726 se·

309 2765 481 2872 „prima
506 2758 652 2839 dicitur
679 2757 822 2838 ordine
850 2775 890 2836 et
918 2782 1087 2836 numero
1101 2803 1202 2834 .....
1215 2757 1281 2835 hic
1304 2757 1471 2862 inquam

307 2903 343 2974 „·
359 2873 556 2952 Centurio
576 2877 702 2952 eriam
713 2925 730 2968 ,
754 2891 797 2949 ut
819 2868 974 2946 videtur
987 2917 1003 2964 ,
1026 2891 1110 2946 erat
1132 2867 1405 2978 Praepositus,
1430 2895 1471 2954 et

307 2987 506 3097 „Campi
531 2990 689 3069 Docto'r
719 2982 908 3090 Equitum
938 2980 1254 3084 Singularium..
1272 2986 1472 3088 ...adem

306 3129 434 3211 „que
447 3125 492 3184 et
511 3104 591 3211 ipse
610 3101 735 3205 Eques
752 3095 979 3198 Singularis.
1006 3101 1270 3209 Singularium
1287 3125 1384 3182 vero
1403 3127 1471 3209 ap-

310 3233 342 3321 „
361 3215 624 3328 pellationem
648 3234 900 3310 meruerunt,
919 3217 983 3292 ve'l
1001 3213 1111 3320 quod
1128 3237 1255 3294 essent
1275 3219 1472 3296 excellen-

307 3385 341 3436 ,-,
360 3356 418 3412 tes
427 3389 442 3430 ,
460 3337 523 3413 vel
542 3326 697 3440 potius,
717 3327 828 3437 quod
847 3353 929 3407 uno
945 3353 1050 3434 equo
1070 3349 1331 3410 mererent...
1346 3332 1387 3408 hi
1406 3357 1472 3412 va·

309 3503 342 3548 „
352 3449 429 3526 'riis
445 3447 599 3528 inlotis
614 3445 798 3528 dicuntur
808 3444 967 3550 Equites
981 3443 1202 3544 Singulares
1214 3444 1474 3554 Imperatoris.

310 3595 348 3665 5,
362 3563 555 3658 Caesaris,
569 3561 761 3662 Augusti,
774 3558 946 3640 Domini
961 3559 1088 3638 nostri
1097 3613 1112 3655 ,
1129 3559 1386 3668 Imperatoris
1402 3587 1472 3642 no·

309 3679 432 3780 „stri
452 3735 471 3777 ,
496 3676 663 3778 Augusti
692 3673 848 3771 nostri,
874 3675 940 3780 qui
962 3675 1261 3780 *Imperatorem
1279 3678 1470 3784 proxime

310 3849 343 3898 „
363 3793 646 3894 contingebant
654 3847 671 3890 ,
688 3789 769 3870 eius
785 3787 987 3868 custodiae
1005 3789 1264 3895 deputati....
1281 3813 1328 3870 ut
1338 3789 1471 3896 proin.-

314 3963 346 4010 „
366 3911 415 3994 de
434 3906 666 3992 mirandum
689 3930 773 3988 non
798 3904 850 3984 sit
859 3957 874 4001 ,
892 3902 989 3985 Aur.
1007 3903 1324 4016 Decimumnon
1341 3903 1474 4002 modo

1289 4073 1322 4122 3,
1339 4045 1415 4130 pro
