3240 4688
408 185 588 259 voavnr.
599 189 755 256 xx1111
778 189 890 256 arsa.
916 189 1098 256 saca.
1252 161 1286 240 6
1292 174 1313 265 5

153 306 373 440 Hispaniae
388 315 842 396 CiteriorisTa'rracone
861 337 1068 394 mortuum
1082 310 1223 394 vrdetr
1233 281 1318 394 Sed

140 454 234 538 ,qua
257 427 419 510 tandem
442 456 572 512 caussa
596 429 637 509 id
656 431 812 512 videtur
828 429 1043 510 Floreziol
1067 429 1159 536 quia
1179 428 1317 510 inscri

153 546 275 656 prio,
296 563 339 624 ut
362 555 529 626 constat
541 572 588 624 ex
607 544 754 625 duabus
771 546 852 625 illis
870 543 1015 625 litteris
1032 542 1084 623 D.
1099 544 1169 642 M,
1193 545 1316 652 sepul-

153 660 272 740 cralis
290 681 368 742 est:
394 661 460 740 sed
479 664 573 742 haec
590 660 698 739 ratio
714 660 908 740 latissime
926 671 1057 768 patet,¹
1072 667 1216 758 utfnon
1232 682 1317 736 rno-

153 769 210 854 do
233 773 378 854 efficiat
390 829 406 872 ,
434 777 490 876 Q.
505 774 746 856 Vmbricum
763 775 992 856 Tarracone
1017 793 1227 852 mortuum
1255 773 1317 854 vi-

115 901 116 904 ‘
135 887 270 989 deri,
297 885 366 968 sed
386 890 508 970 etiam
532 889 712 970 infinitos
737 889 866 991 alios,
890 913 1064 997 quorum
1081 886 1170 966 Diis
1187 887 1317 967 Mani·

138 1005 225 1086 lsus
250 1022 404 1096 constat
422 1003 575 1085 ibidem
599 1025 862 1086 monumenta
880 1003 1061 1084 dedicata
1083 1000 1211 1082 fuisse.
1236 999 1317 1082 Po·

151 1119 332 1200 uendum
351 1141 409 1200 est
430 1121 496 1202 hic
519 1119 740 1200 maximum
762 1118 978 1202 discrimen
1001 1117 1104 1196 inter
1125 1120 1316 1226 sepulcra,

144 1235 194 1328 ,et
211 1236 442 1342 sepulcralia
461 1255 736 1314 monumenta.
761 1234 1010 1342 Sepulcrum,
1025 1231 1055 1308 si
1074 1231 1185 1338 loqui
1206 1235 1318 1311 volu·
1434 1243 1440 1258 '

140 1372 303 1428 ¹-muserr
320 1369 402 1429 arte
418 1348 532 1445 iuris,
547 1369 702 1429 tantum
716 1367 773 1428 est
788 1349 857 1428 ille
873 1349 982 1426 locus
990 1401 1004 1444 ,
1019 1345 1060 1424 in
1078 1371 1158 1452 quo
1175 1369 1316 1453 corpus

153 1465 365 1544 humatum
384 1483 467 1562 est,
490 1463 722 1544 testificante
741 1461 784 1542 id
803 1460 1121 1543 iurisconsulto
1110 1470 1214 1539 rnL.
1231 1488 1269 1538 ι.
1285 1475 1318 1558 §.-

152 1604 193 1672 5
204 1589 251 1656 L.
261 1607 317 1676 44
320 1577 378 1686 ff
392 1579 436 1662 de
454 1581 532 1660 leel.
542 1602 580 1660 ιι
595 1599 732 1693 sumpt.
722 1577 834 1683 ..fan
852 1579 991 1678 Quum
1009 1599 1108 1656 vero
1124 1574 1180 1652 uti
1198 1579 1318 1654 volu

148 1715 245 1770 mus
263 1695 446 1774 oratione
466 1691 514 1774 ad
531 1697 765 1804 popularem
783 1717 938 1773 sensum
957 1687 1244 1786 accomodata,
1259 1714 1316 1768 se

154 1807 294 1914 pulcra
313 1807 435 1888 etiarn
458 1811 729 1918 appellamus,
753 1804 982 1918 sepulcralia
1004 1805 1146 1883 saltem
1167 1825 1316 1882 monu

151 1943 291 2024 menta
305 1920 389 2004 sine
408 1928 489 2006 ulla
507 1923 767 2006 haesitatione
785 1921 956 2006 dicimus
973 1945 1044 2018 ea,
1059 1943 1157 2026 quae
1178 1917 1218 1996 in
1237 1942 1316 1998 me·

147 2027 337 2114 moriam
351 2038 542 2118 alicuius
532 2065 614 2117 ram
632 2039 714 2118 vita
731 2036 905 2117 defuncti
924 2035 1013 2114 Diis
1032 2033 1215 2116 Manibus
1231 2045 1316 2113 ere'-
1325 2073 1327 2079 v

149 2149 217 2227 'cta
242 2151 411 2228 fuerunt.
433 2151 540 2229 Hinc
562 2150 687 2229 Dion.
717 2145 1092 2244 Halicarnassensis,
1116 2153 1131 2249 (
1143 2169 1185 2224 ut
1210 2169 1315 2229 recte

152 2259 363 2341 adnotavit
391 2261 678 2342 Finestresius
661 2289 709 2343 ιιι
733 2267 936 2374 prologo)
965 2265 1123 2341 solvens
1149 2261 1316 2340 dubium

155 2402 204 2455 ex
224 2399 455 2466 cornorum
464 2434 480 2476 ,
497 2377 608 2486 quod
625 2379 762 2458 multis
781 2380 823 2460 in
841 2379 940 2458 locis
960 2395 1247 2455 monstraretur
1264 2400 1317 2455 se·

156 2491 343 2596 pulcrum
359 2490 547 2590 Aeneae,
573 2512 613 2570 et
631 2493 805 2574 aliorum
830 2492 952 2572 etiam
964 2489 1188 2570 illustrium
1205 2488 1317 2574 viro·

153 2627 275 2701 rum,
297 2631 424 2712 quum
442 2607 528 2686 fieri
551 2631 635 2686 non
651 2629 786 2714 posset:
796 2662 828 2739 ³.
834 2629 876 2688 ut
893 2631 991 2686 unus
1008 2627 1048 2685 et
1067 2604 1176 2684 idem
1194 2605 1315 2712 pluri,-

153 2717 262 2798 bus
250 2745 294 2798 ιιι
317 2719 420 2800 locis
439 2741 540 2800 esset
566 2725 766 2829 sepultus,
794 2721 848 2802 ait
871 2744 994 2800 arnum
1021 2718 1136 2802 fuisse
1161 2721 1316 2817 locum,

155 2832 224 2938 qui
241 2857 382 2940 eorpus
399 2836 597 2944 exciperet
615 2857 701 2915 turn
720 2835 1013 2932 Aeneae,tum
1030 2835 1229 2932 aliorum,
1235 2834 1316 2916 sed

157 2943 262 3051 apud
289 2952 439 3026 multos
468 2969 733 3030 monumenta
755 2950 899 3032 iisdem
922 2972 1050 3031 erecta
1076 2949 1192 3030 fuisse
1221 2976 1315 3056 pro-

154 3080 404 3168 pressorum
427 3065 778 3163 benevolentiam,
805 3093 872 3172 qur
863 3065 1119 3145 utilitatem·
1140 3065 1318 3170 aliquam

156 3197 203 3253 ex
234 3172 327 3283 ipsis
357 3198 626 3284 perceperant.
660 3180 707 3258 ln
733 3122 836 3260 h’anc
867 3179 1105 3259 sententiam
1132 3177 1317 3258 videntur

157 3288 293 3398 scripti
321 3318 343 3369 a
367 3289 410 3369 P.
428 3292 608 3393 Virgilio
634 3295 803 3372 Marone
829 3319 960 3374 versus
986 3293 1074 3389 illi,
1101 3292 1240 3398 quibus
1267 3289 1317 3372 dc

156 3403 448 3488 Andromache
465 3409 562 3490 haec
581 3407 635 3487 ait
652 3409 806 3488 Aeneas
822 3403 889 3487 lib.
902 3421 985 3485 111.
1004 3436 1103 3487 vers.
1123 3430 1215 3499 303·

305 3584 309 3592 .
922 3534 1133 3634 Manesque
1149 3519 1321 3604 vocabat

168 3643 449 3717 Hectoreum
459 3641 725 3722 adtumulata:
738 3640 865 3720 viridi
877 3667 985 3750 quem
999 3641 1321 3751 cespiteinan'em,

162 3760 269 3840 Et
278 3758 458 3896 geminas
465 3813 499 3858 ,
497 3785 675 3840 caussam
691 3756 867 3837 lacrimis
876 3809 897 3854 ,
910 3776 1154 3838 sacraverat
1160 3785 1308 3852 aras.

802 3872 822 3952 1
1225 3888 1265 3950 et
