3244 4710
322 276 423 364 290
497 286 823 356 stunsuuustvs
853 288 1325 360 vtuntcncnunxv.

378 412 634 519 Prosequitur
664 437 799 520 postea
829 413 1027 494 florezius
1052 442 1157 492 num.
1178 416 1240 492 18.
1257 470 1289 512 „
1310 413 1355 494 El
1374 411 1485 496 dedi·

320 579 354 630 „
374 552 485 608 cante
502 555 541 606 es
565 530 623 606 M.
643 534 822 626 Αιιιεο,
853 547 932 636 que·
946 550 1011 610 era
1031 530 1176 608 liberto
1199 527 1246 606 de
1265 530 1304 608 F.
1322 531 1484 632 Atasca,

317 699 354 744 ‚‚
374 669 429 722 no
447 641 566 752 padre
585 675 592 720 :
608 643 806 724 ¹Finestres
820 640 978 752 despues
990 644 1038 724 de
1054 659 1254 740 mostrol,
1281 659 1357 750 que
1371 647 1486 734 Αιιι·ι

317 813 352 860 ,,
371 782 421 837 co
451 783 506 856 no
533 783 599 836 eta
631 757 751 866 padre
784 756 834 836 de
861 781 942 838 esta
967 759 1145 855 Scirona,
1175 757 1188 836 i
1215 758 1483 840 examinando

317 929 350 974 „
371 899 445 978 que
478 895 645 980 persona
674 893 923 980 representa,
961 872 1049 954 dice
1065 927 1081 970 ,
1117 898 1192 978 que
1225 872 1483 960 tiertamente

317 1043 352 1092 „
369 1013 423 1064 no
437 1009 501 1076 eta
519 992 644 1078 riervo
661 988 794 1082 „sino
807 988 953 1084 libre,
976 986 988 1064 i
1008 984 1232 1072 anadiendo
1253 1013 1328 1093 que
1347 1014 1403 1068 no
1416 1015 1484 1072 era

316 1157 350 1208 ‚,
368 1101 543 1198 marido,
579 1102 759 1182 concluie
790 1106 1047 1182 reconocerle
1077 1102 1254 1198 liberto,
1284 1125 1403 1200 segun
1437 1108 1483 1184 lo

316 1220 461 1321 „quel
475 1218 538 1294 fue
553 1216 714 1312 sietvo,
742 1215 752 1293 i
774 1215 883 1322 pudo
910 1217 1053 1296 omitit
1067 1219 1105 1296 el
1122 1245 1257 1298 servus
1282 1238 1381 1298 certe
1405 1248 1483 1302 noa

318 1389 354 1435 ‚‚
369 1353 456 1410 erar
467 1385 483 1428 ,
504 1330 572 1410 sed
591 1326 702 1410 liberi
720 1335 734 1431 (
744 1327 876 1422 liberti
898 1330 1040 1410 vitiose
1063 1331 1206 1428 legitur
1223 1331 1264 1410 in
1282 1328 1481 1463 Floreuio)

256 1467 259 1474 ’
317 1505 353 1550 ‚,
368 1473 501 1524 nomen
516 1441 652 1525 labet
680 1471 772 1553 pues
790 1471 846 1526 no
866 1466 971 1526 trene
990 1451 1161 1524 nombre
1174 1445 1224 1530 de
1239 1445 1368 1544 libre
1394 1448 1484 1526 sino

318 1619 352 1665 „
374 1568 412 1642 el
433 1586 507 1666 que
528 1585 652 1642 como
678 1561 812 1642 siervo
840 1556 955 1641 ιοιιιό
982 1557 1032 1637 de
1054 1583 1097 1638 su
1125 1559 1343 1660 Seirora,
1332 1587 1346 1636 ι
1376 1559 1413 1642 ia
1442 1587 1483 1642 se

319 1699 529 1784 „expresa
557 1676 734 1772 liberto,
765 1699 889 1782 conto
919 1671 1069 1754 decifra
1097 1677 1136 1756 la
1164 1675 1196 1754 L
1227 1673 1388 1781 despues
1415 1674 1484 1780 del

318 1849 352 1894 ,,
368 1793 576 1888 ·,nombre
608 1787 744 1870 idola
774 1814 852 1870 voz
877 1789 1052 1868 dominae
1081 1818 1185 1870 suae
1207 1796 1239 1838 “
1260 1789 1379 1868 Nunc
1396 1773 1484 1892 lege

322 1905 606 2002 ¹Finesttesium
633 1930 747 2012 super
771 1902 1073 2012 inscriptionem
1099 1906 1166 1998 78.
1196 1903 1298 1982 clas.
1316 1915 1386 1986 VI.
1416 1904 1483 1984 ubi

316 2025 415 2102 haec
427 2055 448 2112 ι,
460 2073 491 2116 ,,
513 2021 650 2118 Quam
668 2042 765 2098 vero
782 2043 994 2125 personam
1012 2017 1077 2104 hie·
1095 2018 1279 2100 sustineat
1306 2018 1362 2098 Μ.
1379 2017 1484 2122 Aru

317 2160 491 2237 ,‚seus‚
519 2131 687 2224 dubitari
723 2153 892 2242 poterat.
928 2133 1067 2212 Servus
1103 2155 1208 2214 certe
1247 2158 1333 2212 non
1371 2154 1481 2228 etat,

317 2306 353 2352 „
374 2251 446 2333 etsi
464 2269 574 2336 erum
592 2248 630 2326 F
646 2248 836 2328 Arascam
865 2267 980 2336 vocet
996 2247 1216 2345 dominam,
1244 2268 1379 2326 tamen
1396 2273 1485 2328 non

318 2419 352 2467 „
352 2365 475 2446 servi
494 2415 509 2460 ,
540 2361 608 2450 sed
626 2361 742 2442 liberi
757 2385 909 2443 nomen
937 2365 1085 2459 habet,
1114 2384 1229 2466 atque
1247 2383 1293 2446 ut
1307 2349 1482 2458 videtur,

318 2479 461 2584 „ab
451 2503 532 2610 rpsa
557 2481 703 2556 Arasea
729 2497 970 2584 acceptum.
977 2478 1042 2556 An
1069 2476 1151 2556 eius
1169 2476 1364 2558 matitus²
1388 2500 1483 2556 nam

318 2652 352 2698 „
372 2594 505 2680 mariti
520 2617 660 2675 uxores
686 2617 771 2672 suus
794 2588 1009 2698 aliquando
1029 2595 1223 2672 vocabant
1248 2590 1483 2671 dominasL.

229 2721 242 2748 '
319 2701 1508 2818 ‚tostdeAnnLegL41deLrg3Legrrlt51del

317 2841 473 2930 ‚.,Aur
503 2851 586 2934 arg.
612 2823 681 2932 l.eg
714 2822 875 2906 verum
896 2827 974 2900 hoc
1007 2846 1097 2898 raro
1123 2820 1329 2898 eveniebat
1343 2872 1483 2898 ......

316 2993 352 3042 „
371 2945 506 3069 Quare
524 2939 712 3016 libentius
738 2959 910 3035 agnosco
935 2934 1155 3030 libertum,
1186 2933 1254 3038 qui
1272 2959 1392 3039 quam
1410 2931 1485 3011 do·

317 3110 354 3164 „
376 3057 531 3140 minam
556 3055 774 3145 habuerat,
799 3070 839 3126 et
856 3075 902 3130 ex
917 3073 993 3154 qua
1018 3073 1170 3128 nornen
1185 3067 1381 3130 mutuatus
1398 3049 1485 3130 fue

318 3219 353 3287 ιι
370 3191 459 3269 rat,
490 3189 613 3246 ‘flam
642 3185 731 3272 post
758 3103 987 3245 iibettatent
1005 3184 1234 3270 acceptam,
1259 3162 1486 3242 veneratio·

319 3343 353 3390 ,‚
372 3287 432 3366 nis
451 3307 579 3370 caussa
593 3278 806 3370 dominam
816 3281 1017 3388 appellare
1043 3297 1191 3385 pergat.
1225 3277 1388 3374 Immo,
1407 3273 1485 3354 nisi

322 3459 355 3505 „
371 3407 522 3499 fallor,
547 3399 591 3478 L.
611 3397 668 3476 M.
694 3397 773 3474 hoc
804 3397 1103 3499 comprobant,
1131 3391 1163 3468 si
1180 3415 1340 3470 mecum
1359 3387 1484 3470 inter-

321 3577 353 3621 „
373 3516 536 3629 pretatis
566 3505 746 3592 Libertus
767 3513 946 3588 Meritaee.
963 3514 995 3558 “
1020 3507 1099 3586 l-lie
1120 3529 1243 3584 certe
1253 3528 1318 3584 aut
1346 3505 1484 3585 Flore

322 3635 417 3724 zius
427 3658 510 3714 non
540 3626 738 3706 intellexit
764 3649 902 3703 verum
928 3641 968 3702 et
1001 3618 1210 3729 proprium
1243 3644 1400 3700 sensum
1424 3617 1485 3696 Fi

319 3748 501 3843 nesttesii
522 3739 744 3848 unicuique
762 3737 958 3834 obvium·
987 3757 1052 3818 aut
1077 3735 1110 3815 si
1136 3735 1241 3819 hunc
1262 3755 1485 3840 assequutus

325 3892 384 3956 est
396 3925 413 3971 ,
439 3867 483 3948 in
506 3855 836 3966 reprehendendo
847 3851 1087 3970 ¹‚Fttrestresto
1107 3849 1486 3966 fuitotnninojm-¹
1538 3967 1540 3972 ,

1339 3989 1433 4070 por-
