3244 4710
319 265 414 376 198
511 309 838 380 smusmastvs
865 314 1040 380 ummo.
1063 315 1094 378 A
1116 313 1213 380 cna.
1239 317 1346 380 xxv,

316 461 381 522 tus
392 490 406 532 ,
426 439 589 514 verbum
609 462 654 514 ex
670 433 823 517 Graeco
843 442 955 518 lonte
975 437 1113 518 cadens
1133 438 1412 522 indeclinabile
1430 468 1483 522 es·

314 575 380 647 se,
411 551 534 628 utitur
552 553 737 656 exemplo
755 551 928 634 duotum
953 555 1167 634 nominum
1187 555 1481 669 Hebraeorum,

316 667 448 770 qualia
477 667 762 765 sunrsalome,
790 684 829 748 et
857 669 1095 778 Magdalcne.
1124 661 1244 776 *Apud
1262 669 1480 772 Hebraeos,

314 801 357 858 ut
391 807 413 860 e
445 781 630 858 litteratis
665 779 760 861 viris
781 837 796 879 ,
834 783 1106 889 Hebraiceque
1148 785 1278 864 doctis
1323 787 1476 884 audivi,

313 897 453 976 omnia
477 897 644 976 nomina
668 892 966 978 indeclinabilia
983 920 1095 997 sunt,
1112 899 1214 980 sicut
1237 899 1277 977 in
1297 925 1479 985 vernacus.

312 1014 360 1088 lo·
372 1037 572 1092 sermone.
589 1007 714 1108 Quod
733 1013 783 1094 ad
798 1012 990 1098 Graecam
1004 1015 1182 1116 linguam
1202 1013 1370 1113 attinet,
1392 1041 1479 1098 non

311 1125 488 1224 ignoro,
517 1125 731 1205 secundam
767 1152 848 1210 esse
890 1127 1106 1210 nominum
1147 1129 1478 1236 declinationem,

313 1241 358 1320 in
377 1269 453 1346 qua
471 1243 582 1322 finita
605 1243 682 1320 ina
711 1246 765 1324 ita
794 1241 1044 1322 declinantur
1069 1247 1200 1331 nalal,
1234 1257 1288 1317 ene
1320 1259 1432 1333 aanor,
1458 1263 1473 1322 a

314 1369 436 1451 maan,
459 1373 511 1431 aaa
534 1371 658 1436 aaran.
685 1363 819 1459 Quare
835 1356 866 1435 si
882 1361 1066 1437 volumus
1083 1409 1097 1451 ,
1116 1363 1281 1438 verbum
1299 1350 1501 1438 Melitine.

316 1470 589 1575 compositum
611 1472 945 1554 averboGraeco
963 1473 1029 1556 μέλι
1041 1526 1056 1567 ,
1076 1469 1185 1576 quod
1215 1475 1296 1552 mel
1327 1471 1482 1575 signifi.

314 1603 406 1681 cat,
432 1608 594 1664 manete
615 1586 717 1693 apud
737 1612 810 1666 nos
832 1585 1118 1665 terminatione
1141 1584 1292 1667 Graeca
1314 1585 1401 1680 inn3
1427 1585 1477 1668 de

314 1697 548 1778 elinandum
570 1704 646 1785 erit
662 1703 841 1782 Melitine
857 1701 1057 1780 Melitinrs
1069 1755 1084 1796 ,
1108 1723 1195 1798 cet,
1216 1697 1480 1808 qnem'admoq

311 1809 409 1895 dum
425 1818 590 1928 Calliope
608 1820 804 1928 Calliopes.
832 1817 900 1896 Sin
922 1814 1024 1895 illud
1043 1819 1227 1894 volumus
1253 1841 1299 1893 ex
1321 1815 1478 1894 Graeco

311 1933 487 2010 omnino
508 1934 695 2012 Latinum
717 1937 895 2027 factum,
923 1927 1205 2008 declinandum
1227 1930 1304 2010 etit
1317 1983 1333 2026 ‚
1362 1931 1478 2007 uela

312 2046 401 2122 tina
432 2050 649 2140 melitinae.
671 2043 850 2126 Videant
875 2045 1006 2150 itaque
1028 2044 1242 2141 Lectores,
1269 2069 1389 2150 quana
1416 2069 1476 2123 re-

240 2245 243 2252 ,
313 2181 374 2240 cte
409 2161 509 2240 illud
538 2161 737 2242 Florezius
781 2180 916 2260 urgeat
950 2157 1132 2237 adversus
1156 2157 1477 2254 'Cervariens'tnt

312 2275 603 2391 Academicum
637 2279 715 2356 hoc
739 2273 893 2355 modo:
914 2275 950 2352 el
973 2273 1130 2384 apellido
1156 2274 1201 2354 de
1229 2275 1420 2351 Melitina.
1438 2303 1478 2364 aa

314 2421 389 2475 uno
404 2393 447 2470 de
461 2395 518 2473 lor
533 2422 606 2504 que
620 2405 660 2473 ,.“.
678 2447 686 2470 .
702 2447 711 2468 .
730 2447 740 2470 .
762 2417 855 2470 eran
884 2383 1154 2468 indeclinables
1176 2442 1285 2466 .....
1307 2387 1350 2465 al
1368 2387 1477 2466 mado

313 2537 383 2619 que
399 2509 536 2590 vlesmor
567 2535 618 2586 en·
635 2509 673 2585 el
686 2505 898 2615 Evangelio
910 2540 916 2550 ·
927 2507 1059 2580 Maria
1086 2503 1344 2614 Magdalene‚
1370 2505 1386 2582 i
1403 2513 1478 2592 Sao

315 2629 411 2706 lame
425 2629 469 2704 :i
485 2628 548 2703 asi
563 2651 610 2702 no
625 2618 722 2702 ‘hiza
743 2616 829 2699 bien
845 2623 1041 2698 Finestrer
1050 2673 1065 2714 ,
1089 2641 1159 2697 cet.

337 2787 339 2790 -
386 2741 432 2818 ln
464 2765 651 2818 num.1·t.
683 2735 781 2817 duae
807 2731 1021 2814 afferuntur
1051 2731 1355 2838 inscriptiones,
1383 2755 1480 2837 quas

313 2881 363 2938 ne
391 2854 566 2932 nimium
597 2852 709 2953 longi
747 2853 897 2944 simus,
925 2853 1026 2927 nolo
1058 2849 1134 2925 huc
1162 2845 1386 2943 adducere,
1410 2844 1481 2924 sed

314 2991 469 3048 rantum
498 2991 664 3047 monere
693 2966 939 3059 Lectorem,
976 2980 1019 3040 ut
1045 2961 1209 3040 istasunt
1243 2959 1480 3068 explicatio÷

315 3112 409 3164 nem
427 3086 606 3163 conferat
633 3105 725 3160 cum
749 3077 985 3156 Finestresio
1008 3075 1057 3156 ad
1074 3101 1262 3172 num.4t.
1286 3075 1389 3153 Clas.
1405 3086 1479 3154 VI.

313 3202 422 3282 etad
441 3217 545 3278 num.
561 3225 598 3274 z.
614 3195 728 3274 -Clan
750 3205 849 3272 VII.
879 3216 924 3270 ex
952 3217 1030 3297 qua
1056 3191 1274 3272 collatione
1304 3189 1476 3283 videbis,

314 3317 417 3394 nihil
436 3311 686 3393 Historicum
713 3308 918 3401 attulisse,
945 3305 1055 3412 quod
1068 3331 1151 3384 non
1168 3301 1285 3384 fuerit
1303 3305 1384 3382 iant
1407 3327 1477 3392 ans,

312 3452 352 3510 re
373 3458 393 3509 a
411 3429 610 3508 Primario
630 3419 978 3504 EmeritoLatinis
1000 3421 1145 3500 litteris
1166 3419 1434 3511 mandatum„

319 3589 322 3599 ,
391 3545 592 3624 Notatum
626 3541 773 3619 iterum
801 3536 1005 3618 videamus
1035 3533 1338 3616 Cervariensem
1368 3533 1476 3614 nera

312 3660 519 3745 domicum
533 3658 575 3740 in
591 3685 693 3738 num.
713 3683 777 3766 17.
798 3652 865 3739 ubi
881 3651 978 3737 haec
1004 3647 1238 3762 producitur
1263 3647 1473 3757 inscriptio

1361 3996 1417 4076 Ma
