3240 4688
290 291 293 302 ’
402 269 757 350 VOLVM.·xxl111.
786 281 896 346 HiSP.
925 281 1052 348 saell.
1197 275 1304 367 “135

137 459 179 510 ·‚,
197 429 345 506 leatus,
369 409 593 506 Ascensus,
615 407 672 486 uti
686 406 768 485 eins
786 405 992 504 minister,
1012 405 1060 486 ad
1078 406 1309 516 imperium,

139 557 180 623 ·‚,
199 545 240 602 et-
263 545 406 602 nurum
434 521 550 630 ipsius
575 542 732 632 praesto
763 542 846 600 erar
868 577 877 600 .
896 579 906 598 .
926 578 936 599 .
955 576 966 600 .
988 524 1186 604 Ascensus
1217 551 1309 616 aute

115 687 178 736 -·‚,
196 663 288 716 eum
310 638 390 718 ibat
408 695 423 738 ‚
457 639 635 718 Lictores
652 662 757 745 poue
773 639 1033 742 sequebantur
1051 693 1087 715 ..
1103 693 1114 716 .
1133 640 1237 722 Huic
1250 661 1311 730 er.-

136 805 178 852 ·,‚
194 779 248 857 go
262 774 402 831 nostro
416 753 575 834 Licinio
591 749 773 832 Secundo
802 755 931 837 nullus
961 753 1095 833 honor
1123 753 1310 840 tribuitur

116 899 177 965 2„
196 888 349 977 praeter
370 869 591 950 Sevitatum
622 867 880 968 Augustalem
903 865 1172 946 Coloniarum
1207 871 1311 952 Tar·

136 1021 176 1080 c„
195 983 418 1062 raconensis
431 1038 446 1081 ‚
474 1004 513 1062 et
528 980 855 1078 Barcinonensis,
869 981 1115 1088 cui'proinde
1136 985 1235 1066 nanc
1251 987 1311 1073 in-

136 1147 176 1194 .„
194 1097 452 1206 scriptionem
466 1109 680 1206 posuerunt
705 1099 880 1197 collegae
895 1095 1073 1176 eiusdem
1090 1097 1214 1182 Seviri
1233 1102 1312 1186 Au·

138 1245 177 1308 ·‚·,
193 1217 361 1316 gustales
379 1211 687 1321 Barcinonenses
705 1266 716 1292 .
739 1263 852 1290 .....
875 1207 1151 1292 Tarraconem
1170 1240 1214 1294 ac
1232 1219 1310 1298 ho-

140 1377 175 1422 „
194 1327 385 1405 norificos
413 1327 530 1434 ipsius
547 1325 684 1402 titulos
702 1325 808 1403 hisce
829 1324 937 1404 notis
955 1322 1161 1424 designant
1180 1333 1259 1408 Col.
1273 1343 1309 1410 I.

143 1489 176 1538 „
194 1453 239 1520 V.
255 1451 301 1519 T.
317 1451 481 1520 Tarraca
505 1443 585 1539 hoc
603 1461 659 1516 est
677 1440 900 1546 interprete
919 1439 1106 1518 Antonio
1122 1442 1309 1544 'Augusti-

143 1607 176 1652 „
194 1583 249 1634 no
258 1557 451 1652 ,Colonia
471 1557 580 1636 Iulia
594 1557 752 1636 Victrix
766 1563 801 1632 T
801 1549 960 1663 hyrrena
976 1554 1069 1655 (vel
1078 1560 1213 1666 potius
1231 1568 1310 1643 To·

140 1721 177 1768 -„
191 1675 318 1780 gala)
341 1681 522 1750 Tarraco.
553 1669 820 1748 Barcinonem
834 1694 936 1758 ¹vero
953 1671 1014 1746 lris
1031 1673 1118 1748 aliis
1137 1703 1145 1749 ι
1167 1673 1247 1752 Col.
1262 1689 1308 1754 F.

143 1823 180 1881 3,
199 1797 235 1859 J.
248 1796 297 1860 A.
313 1798 353 1860 P.
370 1789 521 1864 Barrin.
539 1782 690 1863 scilicet
710 1785 868 1862 Colonia
886 1787 1083 1868 Faventia
1099 1787 1207 1864 Iulia
1223 1800 1310 1867 Au-

141 1943 177 1997 „
190 1921 311 2008 gusta
327 1901 396 1976 Pia
414 1903 588 1980 Barcino.
606 1905 639 1948 “
656 1897 856 1979 florezius
875 1898 917 1984 in
944 1900 1022 1983 hoc
1040 1917 1196 1978 rantum
1210 1927 1231 1980 a
1246 1900 1327 1982 Fi:

142 2014 338 2098 nestresio
356 2012 550 2120 discrepat
566 2047 582 2112 5
606 2011 805 2118 quodnee
821 2011 1021 2092 laudatum
1037 2014 1166 2094 vol-uit
1182 2015 1311 2096 Anto·

141 2127 262 2205 -nium
287 2123 555 2226 Augustinum
568 2128 679 2230 ,qui
703 2127 803 2203 sicut
822 2125 1070 2204 Finestresius
1098 2141 1165 2208 sua
1188 2129 1308 2222 laude

140 2237 349 2320 «fraudatur
375 2237 525 2344 :quod
555 2239 605 2318 ad
636 2259 763 2318 cetera
782 2238 949 2336 attinet,
981 2265 1071 2321 vete
1101 2267 1308 2347 possumus

143 2353 278 2432 dicere
297 2384 307 2430 2
329 2365 384 2432 Lo
397 2357 530 2432 mismo
543 2345 702 2434 ascribio‘
715 2353 751 2433 el
762 2365 836 2446 ppo
854 2367 893 2430 P.
907 2366 964 2431 M.
982 2355 1118 2432 Florez
1130 2359 1194 2434 sin
1207 2364 1308 2436 arri·

146 2465 269 2548 brt-irio
283 2496 308 2546 a
321 2473 518 2546 rincstres
536 2499 545 2546 t
564 2466 780 2580 necmodo
797 2483 881 2546 non
899 2468 1066 2564 tribuit,
1091 2466 1158 2548 sed
1175 2470 1308 2577 ipsum

145 2582 250 2662 inter
280 2583 486 2689 hospites,
512 2593 552 2661 e'r
572 2581 802 2690 peregrinos
827 2581 871 2662 in
898 2585 1010 2660 rebus
1027 2583 1306 2688 Antiquitatis,

145 2698 223 2804 quir
240 2725 279 2776 re
313 2695 546 2776 diridendos
575 2702 866 2804 praebuerunt,
897 2721 1106 2779 numerare
1133 2696 1308 2801 videtur,

145 2832 191 2890 ut
212 2810 570 2892 animadvertimus
590 2837 714 2922 supra.
1056 2873 1060 2886 .

205 2923 512 3025 Progrediamur
530 2927 716 3028 lougius,
742 2944 781 3002 et
798 2922 1025 3010 Florezium
1043 2927 1309 3036 explicantem

146 3041 522 3119 monumentum-La
535 3041 682 3120 Licinii
709 3042 826 3122 Surae
854 3039 1054 3120 audiamus
1072 3043 1226 3124 itanum.
1244 3074 1312 3140 25·

146 3154 215 3235 ubi
232 3153 329 3233 haec
347 3153 491 3234 haber:
514 3183 546 3250 „⁴
563 3153 651 3232 Esta
669 3155 701 3232 si
715 3179 791 3259 que
804 3154 947 3234 miraa
963 3157 1006 3234 L.
1025 3157 1183 3239 Licinio
1197 3161 1310 3260 Sura,

145 3323 179 3370 ,,
195 3295 272 3375 que
286 3293 325 3346 es
338 3276 509 3351 nombre
527 3265 592 3348 del
609 3265 763 3348 Consul
793 3285 971 3375 patrono
992 3268 1041 3345 de
1067 3271 1226 3356 Licinio
1243 3272 1309 3360 Se,-

146 3437 182 3484 ,,
198 3381 363 3484 gundo,
397 3381 636 3462 declarando
651 3385 811 3462 haberse
827 3381 1072 3484 consagrado
1085 3389 1200 3489 aquel
1215 3409 1310 3468 arco

146 3509 499 3610 „por'terramento
513 3497 894 3580 alemannorum
962 3552 972 3575 .
986 3551 996 3572 .
1012 3551 1022 3574 .
1041 3496 1103 3576 De
1116 3519 1195 3578 este
1205 3557 1221 3598 ,
1244 3499 1305 3592 di·
1399 3599 1401 3605 Α

146 3659 180 3711 „
198 3639 241 3692 ce
270 3617 310 3690 la
334 3613 574 3720 inscripci'on
599 3609 663 3690 del
688 3637 781 3690 arco
793 3635 816 3708 ,·
838 3623 914 3716 que
928 3637 994 3692 era
1013 3613 1098 3718 hijo
1112 3613 1160 3692 de
1180 3615 1307 3696 Lucio

148 3779 181 3825 ‚,
198 3727 250 3806 La
261 3725 299 3803 1³.
319 3725 424 3831 ique
440 3751 483 3804 su
505 3728 613 3804 tribu'
627 3752 677 3806 en
692 3723 828 3806 Roma
843 3751 910 3806 eta
922 3729 961 3804 la
974 3725 1167 3807 SERGIA
1185 3763 1194 3808 a
1214 3753 1307 3836 pues

147 3891 182 3943 „1
196 3861 282 3924 este·
294 3865 335 3922 es
348 3839 623 3923 elverdadero
635 3837 796 3924 scando
809 3838 859 3926 de
871 3845 1208 3950 anteuolans,
1234 3867 1307 3938 oo„

207 3987 232 4011 '²
272 3987 277 3999 ”
1129 3979 1270 4058 »ω’
