<?xml version="1.0" encoding="UTF-8"?>
<!DOCTYPE html PUBLIC "-//W3C//DTD XHTML 1.0 Transitional//EN"
    "http://www.w3.org/TR/xhtml1/DTD/xhtml1-transitional.dtd">
<html xmlns="http://www.w3.org/1999/xhtml" xml:lang="en" lang="en">
 <head>
  <title>
</title>
<meta http-equiv="Content-Type" content="text/html;charset=utf-8" />
  <meta name='ocr-system' content='tesseract 3.04.00' />
  <meta name='ocr-capabilities' content='ocr_page ocr_carea ocr_par ocr_line ocrx_word'/>
</head>
<body>
  <div class='ocr_page' id='page_1' title='image "./finestresivsvin00bassgoog/finestresivsvin00bassgoog_0033.png"; bbox 0 0 3244 4672; ppageno 0'>
   <div class='ocr_carea' id='block_1_1' title="bbox 245 247 1331 351">
    <p class='ocr_par' dir='ltr' id='par_1_1' title="bbox 245 247 1331 351">
     <span class='ocr_line' id='line_1_1' title="bbox 245 247 1331 351; baseline -0.013 1"><span class='ocrx_word' id='word_1_1' title='bbox 245 259 248 264; x_wconf 80' lang='grc'><strong>’</strong></span> <span class='ocrx_word' id='word_1_2' title='bbox 303 247 345 351; x_wconf 76' lang='grc'>4’</span> <span class='ocrx_word' id='word_1_3' title='bbox 522 271 850 341; x_wconf 81' lang='lat' dir='ltr'>rtunstuustvs</span> <span class='ocrx_word' id='word_1_4' title='bbox 902 247 1206 346; x_wconf 70' lang='lat' dir='ltr'>&#39;vmmcarvs&#39;</span> <span class='ocrx_word' id='word_1_5' title='bbox 1329 318 1331 322; x_wconf 81' lang='lat'><em>.</em></span> 
     </span>
    </p>
   </div>
   <div class='ocr_carea' id='block_1_2' title="bbox 219 383 1451 3676">
    <p class='ocr_par' dir='ltr' id='par_1_2' title="bbox 219 383 1451 3598">
     <span class='ocr_line' id='line_1_2' title="bbox 362 383 1440 497; baseline -0.004 -23"><span class='ocrx_word' id='word_1_6' title='bbox 362 393 490 497; x_wconf 88' lang='lat' dir='ltr'>Quod</span> <span class='ocrx_word' id='word_1_7' title='bbox 508 395 539 474; x_wconf 92' lang='lat' dir='ltr'>si</span> <span class='ocrx_word' id='word_1_8' title='bbox 558 383 764 478; x_wconf 72' lang='lat' dir='ltr'>necessitas</span> <span class='ocrx_word' id='word_1_9' title='bbox 783 397 958 480; x_wconf 89' lang='lat' dir='ltr'>muneris</span> <span class='ocrx_word' id='word_1_10' title='bbox 985 395 1026 476; x_wconf 90' lang='lat' dir='ltr'>in</span> <span class='ocrx_word' id='word_1_11' title='bbox 1052 383 1337 478; x_wconf 79' lang='lat' dir='ltr'>conscribenda</span> <span class='ocrx_word' id='word_1_12' title='bbox 1354 393 1440 474; x_wconf 48' lang='lat' dir='ltr'>His,</span> 
     </span>
     <span class='ocr_line' id='line_1_3' title="bbox 306 508 1433 622; baseline 0.002 -36"><span class='ocrx_word' id='word_1_13' title='bbox 306 512 428 589; x_wconf 88' lang='lat' dir='ltr'>storia</span> <span class='ocrx_word' id='word_1_14' title='bbox 444 508 669 591; x_wconf 89' lang='lat' dir='ltr'>Florezium</span> <span class='ocrx_word' id='word_1_15' title='bbox 684 511 726 592; x_wconf 93' lang='lat' dir='ltr'>in</span> <span class='ocrx_word' id='word_1_16' title='bbox 741 516 808 619; x_wconf 90' lang='lat' dir='ltr'>has</span> <span class='ocrx_word' id='word_1_17' title='bbox 821 512 1014 616; x_wconf 83' lang='lat' dir='ltr'>angustias</span> <span class='ocrx_word' id='word_1_18' title='bbox 1036 510 1256 590; x_wconf 89' lang='lat' dir='ltr'>deduxisset</span> <span class='ocrx_word' id='word_1_19' title='bbox 1267 559 1285 608; x_wconf 92' lang='lat'>,-</span> <span class='ocrx_word' id='word_1_20' title='bbox 1315 533 1358 589; x_wconf 90' lang='lat' dir='ltr'>ut</span> <span class='ocrx_word' id='word_1_21' title='bbox 1382 508 1433 622; x_wconf 80' lang='lat' dir='ltr'>de</span> 
     </span>
     <span class='ocr_line' id='line_1_4' title="bbox 307 623 1437 734; baseline 0.003 -33"><span class='ocrx_word' id='word_1_22' title='bbox 307 623 528 704; x_wconf 87' lang='lat' dir='ltr'>Finesttesii</span> <span class='ocrx_word' id='word_1_23' title='bbox 547 651 668 734; x_wconf 89' lang='lat' dir='ltr'>opere</span> <span class='ocrx_word' id='word_1_24' title='bbox 700 627 898 708; x_wconf 88' lang='lat' dir='ltr'>iudicium</span> <span class='ocrx_word' id='word_1_25' title='bbox 915 629 1017 706; x_wconf 89' lang='lat' dir='ltr'>ferre</span> <span class='ocrx_word' id='word_1_26' title='bbox 1044 624 1266 719; x_wconf 61' lang='lat' dir='ltr'>debuissem</span> <span class='ocrx_word' id='word_1_27' title='bbox 1296 648 1437 730; x_wconf 88' lang='lat' dir='ltr'>quam·</span> 
     </span>
     <span class='ocr_line' id='line_1_5' title="bbox 307 738 1437 844; baseline -0.001 -27"><span class='ocrx_word' id='word_1_28' title='bbox 307 763 428 844; x_wconf 89' lang='lat' dir='ltr'>quam</span> <span class='ocrx_word' id='word_1_29' title='bbox 443 743 560 820; x_wconf 90' lang='lat' dir='ltr'>nullo</span> <span class='ocrx_word' id='word_1_30' title='bbox 585 738 712 820; x_wconf 86' lang='lat' dir='ltr'>modo</span> <span class='ocrx_word' id='word_1_31' title='bbox 738 740 1031 840; x_wconf 67' lang='lat' dir='ltr'>ignoscemus,</span> <span class='ocrx_word' id='word_1_32' title='bbox 1062 740 1194 820; x_wconf 87' lang='lat' dir='ltr'>minus</span> <span class='ocrx_word' id='word_1_33' title='bbox 1213 760 1348 820; x_wconf 87' lang='lat' dir='ltr'>tamen</span> <span class='ocrx_word' id='word_1_34' title='bbox 1374 763 1437 817; x_wconf 90' lang='lat' dir='ltr'>es-</span> 
     </span>
     <span class='ocr_line' id='line_1_6' title="bbox 308 853 1436 961; baseline 0.001 -31"><span class='ocrx_word' id='word_1_35' title='bbox 308 873 365 932; x_wconf 90' lang='lat' dir='ltr'>set</span> <span class='ocrx_word' id='word_1_36' title='bbox 387 853 632 934; x_wconf 85' lang='lat' dir='ltr'>incusandus.</span> <span class='ocrx_word' id='word_1_37' title='bbox 657 857 845 937; x_wconf 88' lang='lat' dir='ltr'>Omnino</span> <span class='ocrx_word' id='word_1_38' title='bbox 861 877 994 936; x_wconf 90' lang='lat' dir='ltr'>autem</span> <span class='ocrx_word' id='word_1_39' title='bbox 1021 853 1123 933; x_wconf 90' lang='lat' dir='ltr'>illud</span> <span class='ocrx_word' id='word_1_40' title='bbox 1143 855 1236 933; x_wconf 86' lang='lat' dir='ltr'>ferri</span> <span class='ocrx_word' id='word_1_41' title='bbox 1255 879 1339 934; x_wconf 87' lang='lat' dir='ltr'>non</span> <span class='ocrx_word' id='word_1_42' title='bbox 1364 879 1436 961; x_wconf 87' lang='lat' dir='ltr'>po·</span> 
     </span>
     <span class='ocr_line' id='line_1_7' title="bbox 309 967 1441 1078; baseline 0.003 -34"><span class='ocrx_word' id='word_1_43' title='bbox 309 987 411 1064; x_wconf 86' lang='lat' dir='ltr'>test,</span> <span class='ocrx_word' id='word_1_44' title='bbox 429 967 539 1074; x_wconf 89' lang='lat' dir='ltr'>quod</span> <span class='ocrx_word' id='word_1_45' title='bbox 557 991 720 1078; x_wconf 89' lang='lat' dir='ltr'>propter</span> <span class='ocrx_word' id='word_1_46' title='bbox 735 968 1138 1050; x_wconf 79' lang='lat' dir='ltr'>studium·uellicandi</span> <span class='ocrx_word' id='word_1_47' title='bbox 1157 968 1441 1048; x_wconf 83' lang='lat' dir='ltr'>Finesttesium</span> 
     </span>
     <span class='ocr_line' id='line_1_8' title="bbox 309 1073 1435 1188; baseline 0 -28"><span class='ocrx_word' id='word_1_48' title='bbox 309 1083 558 1188; x_wconf 86' lang='lat' dir='ltr'>aproposito</span> <span class='ocrx_word' id='word_1_49' title='bbox 585 1109 657 1162; x_wconf 89' lang='lat' dir='ltr'>suo</span> <span class='ocrx_word' id='word_1_50' title='bbox 684 1085 920 1187; x_wconf 83' lang='lat' dir='ltr'><strong>longissime</strong></span> <span class='ocrx_word' id='word_1_51' title='bbox 949 1083 1189 1164; x_wconf 89' lang='lat' dir='ltr'>aberraverit</span> <span class='ocrx_word' id='word_1_52' title='bbox 1214 1073 1435 1162; x_wconf 75' lang='lat' dir='ltr'>Henricust</span> 
     </span>
     <span class='ocr_line' id='line_1_9' title="bbox 308 1195 1438 1307; baseline 0.004 -36"><span class='ocrx_word' id='word_1_53' title='bbox 308 1217 447 1274; x_wconf 90' lang='lat' dir='ltr'>utnon</span> <span class='ocrx_word' id='word_1_54' title='bbox 466 1219 548 1278; x_wconf 89' lang='lat' dir='ltr'>tam</span> <span class='ocrx_word' id='word_1_55' title='bbox 564 1220 726 1307; x_wconf 88' lang='lat' dir='ltr'>propter</span> <span class='ocrx_word' id='word_1_56' title='bbox 751 1200 1027 1281; x_wconf 90' lang='lat' dir='ltr'>necessitatem</span> <span class='ocrx_word' id='word_1_57' title='bbox 1057 1195 1438 1305; x_wconf 83' lang='lat' dir='ltr'>muneriscarpsisse</span> 
     </span>
     <span class='ocr_line' id='line_1_10' title="bbox 309 1309 1442 1423; baseline 0.003 -37"><span class='ocrx_word' id='word_1_58' title='bbox 309 1309 584 1390; x_wconf 83' lang='lat' dir='ltr'>Finesttesium</span> <span class='ocrx_word' id='word_1_59' title='bbox 599 1369 614 1411; x_wconf 85' lang='lat'><strong><em>,</em></strong></span> <span class='ocrx_word' id='word_1_60' title='bbox 637 1341 758 1417; x_wconf 87' lang='lat' dir='ltr'>quam</span> <span class='ocrx_word' id='word_1_61' title='bbox 775 1336 937 1423; x_wconf 89' lang='lat' dir='ltr'>propter</span> <span class='ocrx_word' id='word_1_62' title='bbox 955 1311 1228 1392; x_wconf 76' lang='lat' dir='ltr'>irritationem</span> <span class='ocrx_word' id='word_1_63' title='bbox 1248 1309 1442 1418; x_wconf 85' lang='lat' dir='ltr'>carpendi</span> 
     </span>
     <span class='ocr_line' id='line_1_11' title="bbox 219 1426 1445 1522; baseline -0.001 -19"><span class='ocrx_word' id='word_1_64' title='bbox 219 1440 223 1446; x_wconf 86' lang='lat'>&#39;</span> <span class='ocrx_word' id='word_1_65' title='bbox 308 1427 465 1504; x_wconf 86' lang='lat' dir='ltr'>muneri</span> <span class='ocrx_word' id='word_1_66' title='bbox 493 1453 565 1506; x_wconf 88' lang='lat' dir='ltr'>suo</span> <span class='ocrx_word' id='word_1_67' title='bbox 581 1428 757 1506; x_wconf 77' lang='lat' dir='ltr'>&#39;defuisse</span> <span class='ocrx_word' id='word_1_68' title='bbox 775 1429 967 1509; x_wconf 88' lang='lat' dir='ltr'>videatur.</span> <span class='ocrx_word' id='word_1_69' title='bbox 997 1426 1266 1522; x_wconf 89' lang='lat' dir='ltr'>Politissimus</span> <span class='ocrx_word' id='word_1_70' title='bbox 1286 1426 1355 1502; x_wconf 89' lang='lat' dir='ltr'>ille</span> <span class='ocrx_word' id='word_1_71' title='bbox 1375 1450 1445 1502; x_wconf 84' lang='lat' dir='ltr'>re·-</span> 
     </span>
     <span class='ocr_line' id='line_1_12' title="bbox 312 1537 1437 1649; baseline 0.005 -35"><span class='ocrx_word' id='word_1_72' title='bbox 312 1563 401 1649; x_wconf 72' lang='lat' dir='ltr'>tqm</span> <span class='ocrx_word' id='word_1_73' title='bbox 419 1541 697 1620; x_wconf 85' lang='lat' dir='ltr'>Romanarum</span> <span class='ocrx_word' id='word_1_74' title='bbox 712 1541 881 1648; x_wconf 78' lang='lat' dir='ltr'>scriptor</span> <span class='ocrx_word' id='word_1_75' title='bbox 895 1538 947 1616; x_wconf 89' lang='lat' dir='ltr'>T.</span> <span class='ocrx_word' id='word_1_76' title='bbox 962 1541 1096 1620; x_wconf 87' lang='lat' dir='ltr'>Livius</span> <span class='ocrx_word' id='word_1_77' title='bbox 1111 1595 1125 1636; x_wconf 85' lang='lat'><em>,</em></span> <span class='ocrx_word' id='word_1_78' title='bbox 1143 1537 1211 1645; x_wconf 91' lang='lat' dir='ltr'>qui</span> <span class='ocrx_word' id='word_1_79' title='bbox 1231 1539 1437 1620; x_wconf 88' lang='lat' dir='ltr'>maiestate</span> 
     </span>
     <span class='ocr_line' id='line_1_13' title="bbox 311 1649 1435 1762; baseline 0.003 -33"><span class='ocrx_word' id='word_1_80' title='bbox 311 1649 508 1732; x_wconf 89' lang='lat' dir='ltr'>orationis</span> <span class='ocrx_word' id='word_1_81' title='bbox 538 1679 626 1758; x_wconf 84' lang='lat' dir='ltr'>suae</span> <span class='ocrx_word' id='word_1_82' title='bbox 658 1655 977 1758; x_wconf 75' lang='lat' dir='ltr'>magnitudinem</span> <span class='ocrx_word' id='word_1_83' title='bbox 1003 1656 1141 1762; x_wconf 84' lang='lat' dir='ltr'>populi</span> <span class='ocrx_word' id='word_1_84' title='bbox 1161 1653 1338 1737; x_wconf 83' lang='lat' dir='ltr'>Romani</span> <span class='ocrx_word' id='word_1_85' title='bbox 1368 1651 1435 1732; x_wconf 88' lang='lat' dir='ltr'>ad-</span> 
     </span>
     <span class='ocr_line' id='line_1_14' title="bbox 311 1767 1436 1878; baseline -0.001 -32"><span class='ocrx_word' id='word_1_86' title='bbox 311 1768 520 1874; x_wconf 83' lang='lat' dir='ltr'>aequavit,</span> <span class='ocrx_word' id='word_1_87' title='bbox 552 1771 800 1878; x_wconf 74' lang='lat' dir='ltr'>praestrictus</span> <span class='ocrx_word' id='word_1_88' title='bbox 821 1775 977 1870; x_wconf 83' lang='lat' dir='ltr'>fulgore</span> <span class='ocrx_word' id='word_1_89' title='bbox 1000 1767 1180 1848; x_wconf 90' lang='lat' dir='ltr'>nominis</span> <span class='ocrx_word' id='word_1_90' title='bbox 1200 1767 1436 1868; x_wconf 78' lang='lat' dir='ltr'>Alexandri,</span> 
     </span>
     <span class='ocr_line' id='line_1_15' title="bbox 312 1880 1450 1991; baseline 0.004 -33"><span class='ocrx_word' id='word_1_91' title='bbox 312 1880 355 1959; x_wconf 87' lang='lat' dir='ltr'>in</span> <span class='ocrx_word' id='word_1_92' title='bbox 381 1883 488 1962; x_wconf 89' lang='lat' dir='ltr'>cuius</span> <span class='ocrx_word' id='word_1_93' title='bbox 521 1886 774 1964; x_wconf 87' lang='lat' dir='ltr'>mentionem</span> <span class='ocrx_word' id='word_1_94' title='bbox 807 1904 969 1990; x_wconf 88' lang='lat' dir='ltr'>propter</span> <span class='ocrx_word' id='word_1_95' title='bbox 993 1881 1195 1991; x_wconf 89' lang='lat' dir='ltr'>Papirium</span> <span class='ocrx_word' id='word_1_96' title='bbox 1214 1880 1450 1990; x_wconf 68' lang='lat' dir='ltr'>CursoremJ</span> 
     </span>
     <span class='ocr_line' id='line_1_16' title="bbox 314 1993 1438 2106; baseline 0.001 -34"><span class='ocrx_word' id='word_1_97' title='bbox 314 1995 535 2095; x_wconf 86' lang='lat' dir='ltr'>inciderat3</span> <span class='ocrx_word' id='word_1_98' title='bbox 554 2004 775 2106; x_wconf 83' lang='lat' dir='ltr'>paullulum</span> <span class='ocrx_word' id='word_1_99' title='bbox 792 1997 955 2078; x_wconf 87' lang='lat' dir='ltr'>divertit</span> <span class='ocrx_word' id='word_1_100' title='bbox 975 1997 1208 2092; x_wconf 86' lang='lat' dir='ltr'>abitinere,</span> <span class='ocrx_word' id='word_1_101' title='bbox 1234 1993 1345 2102; x_wconf 89' lang='lat' dir='ltr'>quod</span> <span class='ocrx_word' id='word_1_102' title='bbox 1358 2021 1438 2074; x_wconf 87' lang='lat' dir='ltr'>sus·</span> 
     </span>
     <span class='ocr_line' id='line_1_17' title="bbox 315 2110 1439 2221; baseline 0.003 -34"><span class='ocrx_word' id='word_1_103' title='bbox 315 2123 501 2217; x_wconf 85' lang='lat' dir='ltr'>ceperat,</span> <span class='ocrx_word' id='word_1_104' title='bbox 532 2114 878 2221; x_wconf 87' lang='lat' dir='ltr'>comparationem</span> <span class='ocrx_word' id='word_1_105' title='bbox 901 2111 1107 2192; x_wconf 88' lang='lat' dir='ltr'>instituens</span> <span class='ocrx_word' id='word_1_106' title='bbox 1140 2110 1244 2190; x_wconf 89' lang='lat' dir='ltr'>inter</span> <span class='ocrx_word' id='word_1_107' title='bbox 1268 2110 1439 2199; x_wconf 70' lang='lat' dir='ltr'>Alexam</span> 
     </span>
     <span class='ocr_line' id='line_1_18' title="bbox 314 2221 1451 2335; baseline 0 -33"><span class='ocrx_word' id='word_1_108' title='bbox 314 2221 433 2304; x_wconf 83' lang='lat' dir='ltr'>dmm</span> <span class='ocrx_word' id='word_1_109' title='bbox 444 2282 459 2324; x_wconf 92' lang='lat'>‚</span> <span class='ocrx_word' id='word_1_110' title='bbox 491 2247 530 2306; x_wconf 91' lang='lat' dir='ltr'>et</span> <span class='ocrx_word' id='word_1_111' title='bbox 545 2228 841 2335; x_wconf 83' lang='lat' dir='ltr'>imperatores,</span> <span class='ocrx_word' id='word_1_112' title='bbox 874 2252 974 2334; x_wconf 88' lang='lat' dir='ltr'>quos</span> <span class='ocrx_word' id='word_1_113' title='bbox 994 2227 1101 2306; x_wconf 86' lang='lat' dir='ltr'>istius</span> <span class='ocrx_word' id='word_1_114' title='bbox 1120 2223 1237 2330; x_wconf 82' lang='lat' dir='ltr'>aetati</span> <span class='ocrx_word' id='word_1_115' title='bbox 1258 2223 1451 2334; x_wconf 69' lang='lat' dir='ltr'>suppares¹</span> 
     </span>
     <span class='ocr_line' id='line_1_19' title="bbox 314 2335 1438 2452; baseline -0.001 -35"><span class='ocrx_word' id='word_1_116' title='bbox 314 2335 450 2420; x_wconf 85' lang='lat' dir='ltr'>habuit</span> <span class='ocrx_word' id='word_1_117' title='bbox 460 2341 694 2446; x_wconf 82' lang='lat' dir='ltr'>Romanum</span> <span class='ocrx_word' id='word_1_118' title='bbox 709 2342 946 2452; x_wconf 83' lang='lat' dir='ltr'>imperium:</span> <span class='ocrx_word' id='word_1_119' title='bbox 959 2367 1031 2422; x_wconf 87' lang='lat' dir='ltr'>nec</span> <span class='ocrx_word' id='word_1_120' title='bbox 1046 2359 1178 2422; x_wconf 88' lang='lat' dir='ltr'>tamen</span> <span class='ocrx_word' id='word_1_121' title='bbox 1196 2340 1261 2442; x_wconf 63' lang='lat' dir='ltr'>(f)</span> <span class='ocrx_word' id='word_1_122' title='bbox 1276 2338 1317 2418; x_wconf 93' lang='lat' dir='ltr'>id</span> <span class='ocrx_word' id='word_1_123' title='bbox 1328 2351 1438 2446; x_wconf 79' lang='lat' dir='ltr'>ausus</span> 
     </span>
     <span class='ocr_line' id='line_1_20' title="bbox 316 2456 1449 2565; baseline 0.002 -34"><span class='ocrx_word' id='word_1_124' title='bbox 316 2457 373 2532; x_wconf 83' lang='lat' dir='ltr'>e&#39;st</span> <span class='ocrx_word' id='word_1_125' title='bbox 390 2458 518 2538; x_wconf 85' lang='lat' dir='ltr'>fatere</span> <span class='ocrx_word' id='word_1_126' title='bbox 543 2457 625 2536; x_wconf 90' lang='lat' dir='ltr'>sine</span> <span class='ocrx_word' id='word_1_127' title='bbox 641 2457 906 2565; x_wconf 88' lang='lat' dir='ltr'>praefatione:</span> <span class='ocrx_word' id='word_1_128' title='bbox 924 2480 964 2537; x_wconf 90' lang='lat' dir='ltr'>et</span> <span class='ocrx_word' id='word_1_129' title='bbox 979 2456 1102 2565; x_wconf 82' lang='lat' dir='ltr'>petita</span> <span class='ocrx_word' id='word_1_130' title='bbox 1129 2456 1242 2536; x_wconf 89' lang='lat' dir='ltr'>venia</span> <span class='ocrx_word' id='word_1_131' title='bbox 1256 2457 1277 2556; x_wconf 65' lang='lat' dir='ltr'>l</span> <span class='ocrx_word' id='word_1_132' title='bbox 1291 2469 1449 2552; x_wconf 77' lang='lat' dir='ltr'>cogno&#39;</span> 
     </span>
     <span class='ocr_line' id='line_1_21' title="bbox 317 2567 1438 2680; baseline 0.001 -34"><span class='ocrx_word' id='word_1_133' title='bbox 317 2592 435 2680; x_wconf 81' lang='lat' dir='ltr'>tens,</span> <span class='ocrx_word' id='word_1_134' title='bbox 467 2587 508 2651; x_wconf 87' lang='lat' dir='ltr'>ut</span> <span class='ocrx_word' id='word_1_135' title='bbox 526 2570 696 2679; x_wconf 67' lang='lat' dir='ltr'>ipseait,</span> <span class='ocrx_word' id='word_1_136' title='bbox 724 2591 797 2656; x_wconf 89' lang='lat' dir='ltr'>nee</span> <span class='ocrx_word' id='word_1_137' title='bbox 811 2572 1030 2675; x_wconf 87' lang='lat' dir='ltr'>legentibus</span> <span class='ocrx_word' id='word_1_138' title='bbox 1044 2595 1212 2655; x_wconf 84' lang='lat' dir='ltr'>amoena</span> <span class='ocrx_word' id='word_1_139' title='bbox 1229 2567 1438 2647; x_wconf 85' lang='lat' dir='ltr'>diverticu-</span> 
     </span>
     <span class='ocr_line' id='line_1_22' title="bbox 312 2679 1434 2795; baseline -0.003 -34"><span class='ocrx_word' id='word_1_140' title='bbox 312 2683 379 2782; x_wconf 85' lang='lat' dir='ltr'>la,</span> <span class='ocrx_word' id='word_1_141' title='bbox 396 2713 469 2772; x_wconf 87' lang='lat' dir='ltr'>uec</span> <span class='ocrx_word' id='word_1_142' title='bbox 488 2687 666 2795; x_wconf 86' lang='lat' dir='ltr'>requiem</span> <span class='ocrx_word' id='word_1_143' title='bbox 679 2688 877 2771; x_wconf 86' lang='lat' dir='ltr'>Historiti</span> <span class='ocrx_word' id='word_1_144' title='bbox 892 2687 1031 2768; x_wconf 13' lang='lat' dir='ltr'>arnimo</span> <span class='ocrx_word' id='word_1_145' title='bbox 1044 2679 1310 2790; x_wconf 77' lang='lat' dir='ltr'>quaerendam</span> <span class='ocrx_word' id='word_1_146' title='bbox 1328 2687 1434 2780; x_wconf 86' lang='lat' dir='ltr'>esse)</span> 
     </span>
     <span class='ocr_line' id='line_1_23' title="bbox 315 2793 1446 2910; baseline 0 -34"><span class='ocrx_word' id='word_1_147' title='bbox 315 2801 546 2910; x_wconf 81' lang='lat' dir='ltr'>breuissime</span> <span class='ocrx_word' id='word_1_148' title='bbox 569 2804 690 2881; x_wconf 89' lang='lat' dir='ltr'>tribus</span> <span class='ocrx_word' id='word_1_149' title='bbox 708 2803 898 2910; x_wconf 82' lang='lat' dir='ltr'>capitibus</span> <span class='ocrx_word' id='word_1_150' title='bbox 928 2819 1058 2876; x_wconf 86' lang='lat' dir='ltr'>totam</span> <span class='ocrx_word' id='word_1_151' title='bbox 1090 2793 1446 2900; x_wconf 82' lang='lat' dir='ltr'>comparationem·</span> 
     </span>
     <span class='ocr_line' id='line_1_24' title="bbox 317 2908 1449 3024; baseline 0.001 -37"><span class='ocrx_word' id='word_1_152' title='bbox 317 2915 502 2993; x_wconf 86' lang='lat' dir='ltr'>absolvit.</span> <span class='ocrx_word' id='word_1_153' title='bbox 536 2917 582 2994; x_wconf 92' lang='lat' dir='ltr'>In</span> <span class='ocrx_word' id='word_1_154' title='bbox 601 2943 682 3024; x_wconf 91' lang='lat' dir='ltr'>quo</span> <span class='ocrx_word' id='word_1_155' title='bbox 702 2943 783 2995; x_wconf 92' lang='lat' dir='ltr'>non</span> <span class='ocrx_word' id='word_1_156' title='bbox 802 2933 962 3024; x_wconf 89' lang='lat' dir='ltr'>possum</span> <span class='ocrx_word' id='word_1_157' title='bbox 981 2935 1066 2990; x_wconf 92' lang='lat' dir='ltr'>non</span> <span class='ocrx_word' id='word_1_158' title='bbox 1082 2908 1243 2988; x_wconf 85' lang='lat' dir='ltr'>laudare</span> <span class='ocrx_word' id='word_1_159' title='bbox 1258 2926 1449 2988; x_wconf 85' lang='lat' dir='ltr'>exactam·</span> 
     </span>
     <span class='ocr_line' id='line_1_25' title="bbox 317 3019 1439 3126; baseline 0.004 -18"><span class='ocrx_word' id='word_1_160' title='bbox 317 3019 369 3104; x_wconf 79' lang='lat' dir='ltr'>T·</span> <span class='ocrx_word' id='word_1_161' title='bbox 385 3027 490 3110; x_wconf 87' lang='lat' dir='ltr'>Livii</span> <span class='ocrx_word' id='word_1_162' title='bbox 505 3028 547 3110; x_wconf 88' lang='lat' dir='ltr'>in</span> <span class='ocrx_word' id='word_1_163' title='bbox 562 3028 843 3112; x_wconf 83' lang='lat' dir='ltr'>conscribenda</span> <span class='ocrx_word' id='word_1_164' title='bbox 861 3025 1068 3126; x_wconf 75' lang='lat' dir='ltr'>Historia,</span> <span class='ocrx_word' id='word_1_165' title='bbox 1097 3046 1138 3102; x_wconf 85' lang='lat' dir='ltr'>et</span> <span class='ocrx_word' id='word_1_166' title='bbox 1157 3021 1204 3102; x_wconf 78' lang='lat' dir='ltr'>ad</span> <span class='ocrx_word' id='word_1_167' title='bbox 1222 3025 1439 3102; x_wconf 62' lang='lat' dir='ltr'>Severior&amp;</span> 
     </span>
     <span class='ocr_line' id='line_1_26' title="bbox 317 3138 1439 3260; baseline -0.001 -44"><span class='ocrx_word' id='word_1_168' title='bbox 317 3140 424 3239; x_wconf 82' lang='lat' dir='ltr'>leges</span> <span class='ocrx_word' id='word_1_169' title='bbox 442 3143 792 3260; x_wconf 81' lang='lat' dir='ltr'>accommodatam</span> <span class='ocrx_word' id='word_1_170' title='bbox 810 3139 996 3252; x_wconf 72' lang='lat' dir='ltr'>crititem</span> <span class='ocrx_word' id='word_1_171' title='bbox 1017 3138 1241 3246; x_wconf 88' lang='lat' dir='ltr'>eodemque</span> <span class='ocrx_word' id='word_1_172' title='bbox 1257 3159 1439 3251; x_wconf 83' lang='lat' dir='ltr'>tempore</span> 
     </span>
     <span class='ocr_line' id='line_1_27' title="bbox 317 3253 1439 3365; baseline -0.002 -33"><span class='ocrx_word' id='word_1_173' title='bbox 317 3255 507 3338; x_wconf 83' lang='lat' dir='ltr'>admirari</span> <span class='ocrx_word' id='word_1_174' title='bbox 525 3263 718 3365; x_wconf 82' lang='lat' dir='ltr'>longam,</span> <span class='ocrx_word' id='word_1_175' title='bbox 737 3282 777 3338; x_wconf 89' lang='lat' dir='ltr'>et</span> <span class='ocrx_word' id='word_1_176' title='bbox 794 3257 914 3341; x_wconf 89' lang='lat' dir='ltr'>nimis</span> <span class='ocrx_word' id='word_1_177' title='bbox 938 3260 1016 3340; x_wconf 89' lang='lat' dir='ltr'>alte</span> <span class='ocrx_word' id='word_1_178' title='bbox 1048 3257 1254 3362; x_wconf 87' lang='lat' dir='ltr'>repetitam</span> <span class='ocrx_word' id='word_1_179' title='bbox 1282 3253 1439 3330; x_wconf 88' lang='lat' dir='ltr'>oratio·</span> 
     </span>
     <span class='ocr_line' id='line_1_28' title="bbox 246 3365 1449 3482; baseline -0.004 -33"><span class='ocrx_word' id='word_1_180' title='bbox 246 3391 249 3397; x_wconf 81' lang='lat'>·</span> <span class='ocrx_word' id='word_1_181' title='bbox 317 3393 412 3450; x_wconf 85' lang='lat' dir='ltr'>nem</span> <span class='ocrx_word' id='word_1_182' title='bbox 431 3372 600 3456; x_wconf 87' lang='lat' dir='ltr'>Florezii</span> <span class='ocrx_word' id='word_1_183' title='bbox 618 3431 633 3472; x_wconf 86' lang='lat'>,</span> <span class='ocrx_word' id='word_1_184' title='bbox 663 3377 730 3482; x_wconf 89' lang='lat' dir='ltr'>qui</span> <span class='ocrx_word' id='word_1_185' title='bbox 750 3399 793 3454; x_wconf 90' lang='lat' dir='ltr'>ut</span> <span class='ocrx_word' id='word_1_186' title='bbox 809 3373 924 3454; x_wconf 90' lang='lat' dir='ltr'>nobis</span> <span class='ocrx_word' id='word_1_187' title='bbox 940 3387 1182 3479; x_wconf 82' lang='lat' dir='ltr'>proponeret</span> <span class='ocrx_word' id='word_1_188' title='bbox 1200 3365 1449 3474; x_wconf 66' lang='lat' dir='ltr'>Hispaniam*</span> 
     </span>
     <span class='ocr_line' id='line_1_29' title="bbox 317 3481 1438 3598; baseline -0.008 -30"><span class='ocrx_word' id='word_1_189' title='bbox 317 3481 476 3568; x_wconf 84' lang='lat' dir='ltr'>Sacram</span> <span class='ocrx_word' id='word_1_190' title='bbox 485 3542 501 3584; x_wconf 84' lang='lat'>‚</span> <span class='ocrx_word' id='word_1_191' title='bbox 515 3493 707 3572; x_wconf 89' lang='lat' dir='ltr'>volumen</span> <span class='ocrx_word' id='word_1_192' title='bbox 723 3491 937 3598; x_wconf 75' lang='lat' dir='ltr'>integrum,</span> <span class='ocrx_word' id='word_1_193' title='bbox 951 3509 1023 3565; x_wconf 86' lang='lat' dir='ltr'>nec</span> <span class='ocrx_word' id='word_1_194' title='bbox 1040 3488 1110 3596; x_wconf 80' lang='lat' dir='ltr'>(g)</span> <span class='ocrx_word' id='word_1_195' title='bbox 1124 3483 1284 3584; x_wconf 83' lang='lat' dir='ltr'>exiguae</span> <span class='ocrx_word' id='word_1_196' title='bbox 1299 3481 1438 3579; x_wconf 88' lang='lat' dir='ltr'>molis,</span> 
     </span>
    </p>

    <p class='ocr_par' dir='ltr' id='par_1_3' title="bbox 1326 3597 1378 3676">
     <span class='ocr_line' id='line_1_30' title="bbox 1326 3597 1378 3676; baseline 0 0"><span class='ocrx_word' id='word_1_197' title='bbox 1326 3597 1378 3676; x_wconf 91' lang='lat' dir='ltr'>de</span> 
     </span>
    </p>
   </div>
   <div class='ocr_carea' id='block_1_3' title="bbox 314 3745 1440 3779">
    <p class='ocr_par' dir='ltr' id='par_1_4' title="bbox 314 3745 1440 3779">
     <span class='ocr_line' id='line_1_31' title="bbox 314 3745 1440 3779; baseline -0.011 -3"><span class='ocrx_word' id='word_1_198' title='bbox 314 3745 1440 3779; x_wconf 42' lang='lat' dir='ltr'>m-—u-Q-*n</span> 
     </span>
    </p>
   </div>
   <div class='ocr_carea' id='block_1_4' title="bbox 328 3777 1169 3898">
    <p class='ocr_par' dir='ltr' id='par_1_5' title="bbox 328 3777 1169 3898">
     <span class='ocr_line' id='line_1_32' title="bbox 328 3777 1169 3898; baseline -0.008 -24"><span class='ocrx_word' id='word_1_199' title='bbox 328 3797 335 3802; x_wconf 78' lang='grc'>’</span> <span class='ocrx_word' id='word_1_200' title='bbox 356 3816 410 3898; x_wconf 59' lang='lat' dir='ltr'>(s)</span> <span class='ocrx_word' id='word_1_201' title='bbox 451 3777 646 3876; x_wconf 61' lang='lat' dir='ltr'>utacum.</span> <span class='ocrx_word' id='word_1_202' title='bbox 663 3784 1085 3888; x_wconf 69' lang='lat' dir='ltr'>lii.rrrrr.cap.17.1s.19.</span> <span class='ocrx_word' id='word_1_203' title='bbox 1166 3809 1169 3814; x_wconf 83' lang='lat'>·</span> 
     </span>
    </p>
   </div>
   <div class='ocr_carea' id='block_1_5' title="bbox 355 3885 1435 4028">
    <p class='ocr_par' dir='ltr' id='par_1_6' title="bbox 355 3885 1435 4028">
     <span class='ocr_line' id='line_1_33' title="bbox 355 3885 1435 4026; baseline -0.02 -66"><span class='ocrx_word' id='word_1_204' title='bbox 355 3898 411 3980; x_wconf 72' lang='lat' dir='ltr'>(g)</span> <span class='ocrx_word' id='word_1_205' title='bbox 452 3895 610 3958; x_wconf 79' lang='lat' dir='ltr'>Praemisso</span> <span class='ocrx_word' id='word_1_206' title='bbox 624 3896 683 3958; x_wconf 81' lang='lat' dir='ltr'>iem</span> <span class='ocrx_word' id='word_1_207' title='bbox 696 3896 785 3958; x_wconf 84' lang='lat' dir='ltr'>altero</span> <span class='ocrx_word' id='word_1_208' title='bbox 793 3936 805 3968; x_wconf 68' lang='lat'>2</span> <span class='ocrx_word' id='word_1_209' title='bbox 820 3891 866 3956; x_wconf 83' lang='lat' dir='ltr'>cui</span> <span class='ocrx_word' id='word_1_210' title='bbox 879 3889 975 3959; x_wconf 83' lang='lat' dir='ltr'>titulus</span> <span class='ocrx_word' id='word_1_211' title='bbox 991 3901 1052 3953; x_wconf 83' lang='lat' dir='ltr'>erat</span> <span class='ocrx_word' id='word_1_212' title='bbox 1062 3913 1071 3951; x_wconf 81' lang='lat' dir='ltr'>t</span> <span class='ocrx_word' id='word_1_213' title='bbox 1082 3897 1124 3956; x_wconf 81' lang='lat' dir='ltr'>La</span> <span class='ocrx_word' id='word_1_214' title='bbox 1142 3888 1319 4026; x_wconf 39' lang='lat' dir='ltr'>sanabria?</span> <span class='ocrx_word' id='word_1_215' title='bbox 1335 3885 1435 3977; x_wconf 57' lang='grc' dir='ltr'>ρίαν.</span> 
     </span>
     <span class='ocr_line' id='line_1_34' title="bbox 425 3986 1407 4028; baseline -0.033 31"><span class='ocrx_word' id='word_1_216' title='bbox 425 4001 429 4008; x_wconf 77' lang='grc'><strong>“</strong></span> <span class='ocrx_word' id='word_1_217' title='bbox 1176 3993 1179 4000; x_wconf 85' lang='grc'><strong>’</strong></span> <span class='ocrx_word' id='word_1_218' title='bbox 1314 3986 1407 4028; x_wconf 59' lang='lat' dir='ltr'>acrem</span> 
     </span>
    </p>
   </div>
   <div class='ocr_carea' id='block_1_6' title="bbox 0 0 1638 4672">
    <p class='ocr_par' dir='ltr' id='par_1_7' title="bbox 0 0 1638 4672">
     <span class='ocr_line' id='line_1_35' title="bbox 0 0 1638 4672; baseline 0 0"><span class='ocrx_word' id='word_1_219' title='bbox 0 0 1638 4672; x_wconf 95' lang='lat' dir='ltr'> </span> 
     </span>
    </p>
   </div>
  </div>
 </body>
</html>
