3244 4710
365 265 545 346 vouvn.
579 275 722 342 xxnn.
750 273 862 340 rusa.
894 273 1025 339 sien.
1191 264 1362 356 205

126 431 201 514 que
230 428 306 506 ego
336 401 528 482 dirimere
558 425 776 508 possumus.
814 387 1005 500 Magnum
1030 396 1155 478 etiam
1181 399 1294 482 Fine-

129 519 255 600 stresii
287 540 492 626 peccatum
511 513 786 596 confitendum
813 513 1017 609 libenter,
1047 514 1158 619 quod
1189 514 1298 630 dete·

130 637 187 737 git
217 632 417 713 Florezius
447 657 549 710 num.
566 634 661 725 84.:
680 632 877 707 Finestres
895 651 985 739 pag.
977 631 1096 717 ..238
1116 626 1248 710 nodio‘
1270 659 1297 711 a

129 748 310 829 entender
352 746 497 874 defecm
528 773 574 822 cn
602 746 641 822 la
661 747 833 854 piedra,
866 746 928 820 cui
958 742 1091 820 nescio
1117 743 1213 850 quid
1241 772 1303 825 re·

131 861 382 990 spondeam,
420 860 495 938 nisi
526 857 635 964 quod
665 855 905 934 Florezius
896 881 938 934 tn
967 855 1147 958 Prologo
1184 860 1299 938 huius

131 975 352 1058 voluminis
383 973 614 1052 monuitza
590 974 751 1082 algunos
780 997 985 1049 concurren
1014 999 1084 1048 con
1114 974 1212 1052 tales
1229 969 1300 1052 ba-

127 1088 239 1202 '‘gatel
238 1117 314 1184 as,
345 1116 416 1198 que
433 1115 480 1167 no
496 1111 628 1197 pagan
645 1087 685 1163 la
704 1110 805 1198 pena
832 1084 877 1161 de
902 1084 1051 1164 leerlan
1082 1085 1303 1168 Sudabitct-

132 1204 298 1312 pallebit
317 1203 437 1280 miser
454 1200 707 1282 Finestresius
739 1197 789 1276 ad
817 1197 969 1276 crimen
990 1254 1003 1294 ,
1033 1199 1142 1304 quod
1160 1201 1299 1280 eliseo-

132 1317 239 1398 ricus
271 1337 382 1415 urget
408 1313 620 1403 nrrnn89(
611 1340 650 1392 nr
679 1311 878 1442 descripto
904 1312 1055 1391 scilicet
1072 1313 1203 1422 lapide
1231 1342 1298 1394 ne-

134 1433 221 1510 scio
239 1431 334 1534 quid
349 1431 566 1537 peccavisse
589 1449 653 1505 aut
671 1427 850 1506 omisisse
865 1423 1168 1508 Cervarienscm
1196 1429 1299 1509 Aca·
1311 1457 1315 1465 ·

137 1541 344 1623 demicum
359 1599 374 1640 ‚
402 1569 521 1648 quem
551 1563 714 1650 propter
743 1545 897 1647 lapsum
927 1539 1019 1620 hnic
1048 1545 1221 1622 omnino
1248 1545 1301 1634 εἰ-ι

136 1659 281 1739 milem
310 1660 458 1765 premit
488 1658 632 1734 iterum
651 1657 690 1734 in
705 1683 807 1734 num.
824 1681 892 1750 94.
921 1653 1081 1733 Horum
1112 1658 1302 1748 omniunt

137 1773 265 1852 facilis
282 1791 367 1867 est,
396 1795 436 1848 et
465 1770 646 1876 expedita
674 1768 882 1898 responsio
901 1767 942 1848 iu
959 1768 1160 1878 principio
1187 1772 1302 1849 huius

136 1884 461 1983 vindicationis,
495 1885 560 1964 ubi
594 1881 914 1992 copiosissimam
955 1908 1124 1964 messem
1163 1885 1300 1964 huius·

137 1997 256 2082 modi
273 2002 471 2079 fructuum
490 2026 536 2078 ex
555 2025 674 2106 opere
689 1997 858 2076 Florezii
878 1999 1126 2099 collegimus.
1274 2075 1296 2098 ,

137 2110 343 2193 ·Sed
333 2139 414 2190 ram
455 2112 660 2192 veniamus
686 2111 735 2190 ad
767 2113 889 2188 finem
921 2113 1034 2189 huius
1064 2112 1230 2223 capitis,
1260 2113 1304 2195 in

138 2252 222 2340 quo
249 2223 374 2323 vide,
405 2251 524 2334 quam
552 2226 718 2328 dignum
740 2222 790 2302 sit
804 2228 950 2331 patella
977 2232 1222 2334 operculum.
1254 2229 1306 2320 ln

139 2370 245 2420 num.
260 2368 326 2436 97.
344 2340 410 2420 hic
432 2341 568 2421 titulus
593 2338 905 2468 praefigiturrv
869 2340 1020 2418 Ultima
1048 2341 1306 2426 Clasedemo·

141 2455 352 2551 demas,
336 2483 351 2532 ι
377 2453 566 2534 dudosas:
558 2480 668 2561 quo
693 2451 885 2560 pertineat
903 2453 969 2533 hic
985 2454 1120 2533 titulus
1135 2512 1150 2554 ‚
1178 2481 1305 2585 quum

141 2567 335 2648 nullam
323 2595 365 2647 tn
392 2572 471 2649 hoc
497 2575 591 2648 loco
605 2567 805 2646 Florezius
821 2567 1002 2646 exhibeat
1018 2594 1063 2647 ex
1079 2569 1306 2679 inscriptio·

143 2683 256 2762 nibus
289 2683 576 2763 recentioribus
608 2703 647 2760 et
677 2679 888 2787 suspectis,
919 2685 1103 2788 profecto
1135 2710 1219 2764 non
1244 2683 1308 2763 vi·

146 2795 250 2888 de03
283 2797 359 2874 nisi
388 2800 551 2876 fortasse
580 2822 629 2874 ne
656 2793 804 2874 deesset
833 2795 992 2876 occasio
1022 2795 1180 2877 dicendi
1212 2799 1309 2879 haec

146 2909 196 2988 de
215 2909 449 2988 Finesttesio
470 2944 479 2988 :
499 2967 530 3008 „
549 2911 795 2989 Finalmente
822 2935 1031 3018 proponen
1061 2915 1123 2990 los
1152 2934 1309 2994 autores

57 3036 59 3040 ’
145 3077 178 3123 ‚,
196 3025 252 3100 las
286 3021 603 3131 inscriptiones,
641 3050 716 3146 que
746 3049 910 3130 parecen
947 3023 1111 3126 frngidas
1144 3027 1311 3107 modet'-

144 3193 176 3237 ‚‚
200 3157 385 3216 namente
399 3191 414 3234 ,
445 3137 617 3246 espurias
630 3192 647 3236 ,
677 3164 705 3214 0
723 3136 904 3216 dudosas
937 3139 1129 3219 Finestres
1155 3143 1251 3220 hizo
1267 3169 1312 3224 su

143 3251 338 3349 „ultima
380 3249 496 3331 Clase
524 3277 601 3330 con
628 3251 750 3330 titulo
776 3250 825 3329 de
853 3257 1096 3332 Variarum
1074 3309 1090 3352 ,
1121 3278 1311 3368 suspecta-

141 3419 175 3464 ,‚
193 3394 380 3478 rumque,
413 3390 452 3446 et
486 3369 737 3478 spuriarum,
776 3365 787 3444 i
823 3369 930 3446 fuera
975 3392 1058 3444 mas
1100 3371 1308 3475 plausible,

144 3532 177 3576 ‚‚
199 3506 273 3584 que
291 3503 460 3587 apartase
478 3487 534 3560 las
549 3507 622 3586 que
637 3485 759 3558 llama
774 3485 940 3578 Varias,
958 3481 1232 3588 separandolas
1259 3485 1311 3567 de

144 3645 177 3692 ,‚
195 3597 251 3670 las
284 3598 564 3702 sospechosas,
600 3620 627 3674 o
661 3595 830 3702 espurias
849 3600 925 3700 (ο)
942 3621 1096 3705 porque
1122 3602 1179 3678 las
1209 3603 1307 3702 legi-

1154 3735 1252 3810 υἷι·

152 3858 351 3878 -ι-ι-ι-
356 3851 1108 3879 b--n—-u--n--n-u—
1115 3861 1314 3885 nnn-n·-

186 3917 240 3996 (o)
280 3917 358 3976 Haec
372 3913 443 3978 liunt
467 3917 508 3979 uti
526 3917 651 4000 scriptori
665 3915 756 3987 libet,
782 3931 811 3975 et
826 3917 1005 3980 Finestresius
1025 3916 1095 3978 milri
1118 3937 1193 3980 recte
1211 3920 1309 4065 {peine

1194 4021 1222 4064 rr
1242 4020 1275 4063 e-
