<?xml version="1.0" encoding="UTF-8"?>
<!DOCTYPE html PUBLIC "-//W3C//DTD XHTML 1.0 Transitional//EN"
    "http://www.w3.org/TR/xhtml1/DTD/xhtml1-transitional.dtd">
<html xmlns="http://www.w3.org/1999/xhtml" xml:lang="en" lang="en">
 <head>
  <title>
</title>
<meta http-equiv="Content-Type" content="text/html;charset=utf-8" />
  <meta name='ocr-system' content='tesseract 3.04.00' />
  <meta name='ocr-capabilities' content='ocr_page ocr_carea ocr_par ocr_line ocrx_word'/>
</head>
<body>
  <div class='ocr_page' id='page_1' title='image "./finestresivsvin00bassgoog/finestresivsvin00bassgoog_0087.png"; bbox 0 0 3240 4688; ppageno 0'>
   <div class='ocr_carea' id='block_1_1' title="bbox 134 210 1271 356">
    <p class='ocr_par' dir='ltr' id='par_1_1' title="bbox 134 210 1271 356">
     <span class='ocr_line' id='line_1_1' title="bbox 134 210 1271 356; baseline 0.004 -33"><span class='ocrx_word' id='word_1_1' title='bbox 134 210 140 221; x_wconf 66' lang='grc'><strong>’</strong></span> <span class='ocrx_word' id='word_1_2' title='bbox 257 336 259 346; x_wconf 19' lang='lat' dir='ltr'><strong>f</strong></span> <span class='ocrx_word' id='word_1_3' title='bbox 298 241 357 356; x_wconf 65' lang='lat' dir='ltr'>§a</span> <span class='ocrx_word' id='word_1_4' title='bbox 502 261 837 331; x_wconf 78' lang='lat' dir='ltr'>urunsruasrvs</span> <span class='ocrx_word' id='word_1_5' title='bbox 857 257 1271 352; x_wconf 71' lang='lat' dir='ltr'>umbrosorum.</span> 
     </span>
    </p>
   </div>
   <div class='ocr_carea' id='block_1_2' title="bbox 299 381 1462 727">
    <p class='ocr_par' dir='ltr' id='par_1_2' title="bbox 299 381 1462 727">
     <span class='ocr_line' id='line_1_2' title="bbox 299 381 1460 502; baseline 0.002 -31"><span class='ocrx_word' id='word_1_6' title='bbox 299 381 341 471; x_wconf 90' lang='lat' dir='ltr'>in</span> <span class='ocrx_word' id='word_1_7' title='bbox 360 417 440 498; x_wconf 91' lang='lat' dir='ltr'>quo</span> <span class='ocrx_word' id='word_1_8' title='bbox 460 389 680 470; x_wconf 87' lang='lat' dir='ltr'>maximum</span> <span class='ocrx_word' id='word_1_9' title='bbox 697 389 913 469; x_wconf 77' lang='lat' dir='ltr'>discrimen</span> <span class='ocrx_word' id='word_1_10' title='bbox 933 408 990 467; x_wconf 89' lang='lat' dir='ltr'>est</span> <span class='ocrx_word' id='word_1_11' title='bbox 1006 419 1014 465; x_wconf 74' lang='grc' dir='ltr'><strong><em>ε</em></strong></span> <span class='ocrx_word' id='word_1_12' title='bbox 1032 411 1231 502; x_wconf 86' lang='lat' dir='ltr'>assumpto</span> <span class='ocrx_word' id='word_1_13' title='bbox 1249 388 1398 472; x_wconf 78' lang='lat' dir='ltr'>enim‘a</span> <span class='ocrx_word' id='word_1_14' title='bbox 1415 397 1460 473; x_wconf 92' lang='lat' dir='ltr'>li·</span> 
     </span>
     <span class='ocr_line' id='line_1_3' title="bbox 302 505 1462 611; baseline 0.002 -26"><span class='ocrx_word' id='word_1_15' title='bbox 302 507 422 586; x_wconf 88' lang='lat' dir='ltr'>bertis</span> <span class='ocrx_word' id='word_1_16' title='bbox 435 561 450 602; x_wconf 96' lang='lat'>,</span> <span class='ocrx_word' id='word_1_17' title='bbox 473 527 514 582; x_wconf 92' lang='lat' dir='ltr'>ut</span> <span class='ocrx_word' id='word_1_18' title='bbox 542 531 631 582; x_wconf 92' lang='lat' dir='ltr'>mos</span> <span class='ocrx_word' id='word_1_19' title='bbox 658 527 741 584; x_wconf 88' lang='lat' dir='ltr'>erat</span> <span class='ocrx_word' id='word_1_20' title='bbox 756 558 771 600; x_wconf 95' lang='lat'>,</span> <span class='ocrx_word' id='word_1_21' title='bbox 799 526 1062 611; x_wconf 89' lang='lat' dir='ltr'>patronorum</span> <span class='ocrx_word' id='word_1_22' title='bbox 1089 505 1256 584; x_wconf 86' lang='lat' dir='ltr'>nomine</span> <span class='ocrx_word' id='word_1_23' title='bbox 1270 559 1285 602; x_wconf 92' lang='lat'>,</span> <span class='ocrx_word' id='word_1_24' title='bbox 1314 511 1462 588; x_wconf 86' lang='lat' dir='ltr'>multas</span> 
     </span>
     <span class='ocr_line' id='line_1_4' title="bbox 300 617 1461 727; baseline -0.003 -24"><span class='ocrx_word' id='word_1_25' title='bbox 300 624 470 727; x_wconf 81' lang='lat' dir='ltr'>reperies</span> <span class='ocrx_word' id='word_1_26' title='bbox 496 619 668 698; x_wconf 86' lang='lat' dir='ltr'>familias</span> <span class='ocrx_word' id='word_1_27' title='bbox 695 617 1009 716; x_wconf 88' lang='lat' dir='ltr'>libertinorum,</span> <span class='ocrx_word' id='word_1_28' title='bbox 1034 617 1270 724; x_wconf 86' lang='lat' dir='ltr'>inquorum</span> <span class='ocrx_word' id='word_1_29' title='bbox 1293 646 1461 726; x_wconf 87' lang='lat' dir='ltr'>praeno·</span> 
     </span>
    </p>
   </div>
   <div class='ocr_carea' id='block_1_3' title="bbox 301 733 1604 838">
    <p class='ocr_par' dir='ltr' id='par_1_3' title="bbox 301 733 1604 838">
     <span class='ocr_line' id='line_1_5' title="bbox 301 733 1604 838; baseline 0.002 -24"><span class='ocrx_word' id='word_1_30' title='bbox 301 735 412 814; x_wconf 89' lang='lat' dir='ltr'>mine</span> <span class='ocrx_word' id='word_1_31' title='bbox 426 789 440 829; x_wconf 91' lang='lat'>,</span> <span class='ocrx_word' id='word_1_32' title='bbox 470 735 665 830; x_wconf 89' lang='lat' dir='ltr'>nomine,</span> <span class='ocrx_word' id='word_1_33' title='bbox 693 757 732 810; x_wconf 90' lang='lat' dir='ltr'>ct</span> <span class='ocrx_word' id='word_1_34' title='bbox 752 733 996 832; x_wconf 82' lang='lat' dir='ltr'>cognomine</span> <span class='ocrx_word' id='word_1_35' title='bbox 1020 733 1121 810; x_wconf 89' lang='lat' dir='ltr'>nihil</span> <span class='ocrx_word' id='word_1_36' title='bbox 1140 754 1197 812; x_wconf 88' lang='lat' dir='ltr'>est</span> <span class='ocrx_word' id='word_1_37' title='bbox 1210 787 1225 830; x_wconf 90' lang='lat'>,</span> <span class='ocrx_word' id='word_1_38' title='bbox 1248 733 1357 838; x_wconf 91' lang='lat' dir='ltr'>quod</span> <span class='ocrx_word' id='word_1_39' title='bbox 1376 762 1462 818; x_wconf 92' lang='lat' dir='ltr'>non</span> <span class='ocrx_word' id='word_1_40' title='bbox 1537 793 1539 797; x_wconf 81' lang='lat'><em>·</em></span> <span class='ocrx_word' id='word_1_41' title='bbox 1603 761 1604 766; x_wconf 65' lang='lat'>‘</span> 
     </span>
    </p>
   </div>
   <div class='ocr_carea' id='block_1_4' title="bbox 188 847 1471 3704">
    <p class='ocr_par' dir='ltr' id='par_1_4' title="bbox 188 847 1471 3694">
     <span class='ocr_line' id='line_1_6' title="bbox 302 847 1462 951; baseline 0.003 -25"><span class='ocrx_word' id='word_1_42' title='bbox 302 849 514 948; x_wconf 87' lang='lat' dir='ltr'>ingenuam</span> <span class='ocrx_word' id='word_1_43' title='bbox 533 869 572 924; x_wconf 91' lang='lat' dir='ltr'>et</span> <span class='ocrx_word' id='word_1_44' title='bbox 593 848 770 926; x_wconf 77' lang='lat' dir='ltr'>nativam</span> <span class='ocrx_word' id='word_1_45' title='bbox 787 847 1012 926; x_wconf 87' lang='lat' dir='ltr'>libertatem</span> <span class='ocrx_word' id='word_1_46' title='bbox 1033 847 1165 951; x_wconf 89' lang='lat' dir='ltr'>sapiat.</span> <span class='ocrx_word' id='word_1_47' title='bbox 1194 847 1320 948; x_wconf 91' lang='lat' dir='ltr'>Quod</span> <span class='ocrx_word' id='word_1_48' title='bbox 1339 849 1379 926; x_wconf 93' lang='lat' dir='ltr'>ni</span> <span class='ocrx_word' id='word_1_49' title='bbox 1406 851 1462 930; x_wconf 87' lang='lat' dir='ltr'>ica</span> 
     </span>
     <span class='ocr_line' id='line_1_7' title="bbox 221 961 1462 1068; baseline 0.002 -27"><span class='ocrx_word' id='word_1_50' title='bbox 221 1009 224 1015; x_wconf 93' lang='lat'>·</span> <span class='ocrx_word' id='word_1_51' title='bbox 303 985 401 1041; x_wconf 89' lang='lat' dir='ltr'>esset</span> <span class='ocrx_word' id='word_1_52' title='bbox 413 1017 430 1059; x_wconf 92' lang='lat'>,</span> <span class='ocrx_word' id='word_1_53' title='bbox 458 984 551 1041; x_wconf 92' lang='lat' dir='ltr'>tunc</span> <span class='ocrx_word' id='word_1_54' title='bbox 576 965 757 1068; x_wconf 85' lang='lat' dir='ltr'>profecto</span> <span class='ocrx_word' id='word_1_55' title='bbox 782 983 1043 1040; x_wconf 88' lang='lat' dir='ltr'>monumenta</span> <span class='ocrx_word' id='word_1_56' title='bbox 1062 962 1220 1039; x_wconf 86' lang='lat' dir='ltr'>Gruteti</span> <span class='ocrx_word' id='word_1_57' title='bbox 1238 988 1258 1038; x_wconf 90' lang='lat' dir='ltr'>a</span> <span class='ocrx_word' id='word_1_58' title='bbox 1275 961 1462 1043; x_wconf 84' lang='lat' dir='ltr'>Florezio</span> 
     </span>
     <span class='ocr_line' id='line_1_8' title="bbox 303 1075 1463 1182; baseline 0.001 -27"><span class='ocrx_word' id='word_1_59' title='bbox 303 1077 346 1156; x_wconf 91' lang='lat' dir='ltr'>in</span> <span class='ocrx_word' id='word_1_60' title='bbox 371 1079 566 1154; x_wconf 91' lang='lat' dir='ltr'>hocloco</span> <span class='ocrx_word' id='word_1_61' title='bbox 590 1081 742 1182; x_wconf 88' lang='lat' dir='ltr'>prolata</span> <span class='ocrx_word' id='word_1_62' title='bbox 767 1076 946 1154; x_wconf 89' lang='lat' dir='ltr'>falsitatis</span> <span class='ocrx_word' id='word_1_63' title='bbox 970 1075 1253 1154; x_wconf 83' lang='lat' dir='ltr'>convincerent</span> <span class='ocrx_word' id='word_1_64' title='bbox 1272 1077 1463 1157; x_wconf 88' lang='lat' dir='ltr'>Finestre·</span> 
     </span>
     <span class='ocr_line' id='line_1_9' title="bbox 303 1187 1463 1296; baseline 0 -26"><span class='ocrx_word' id='word_1_65' title='bbox 303 1191 427 1270; x_wconf 85' lang='lat' dir='ltr'>sium:</span> <span class='ocrx_word' id='word_1_66' title='bbox 446 1216 549 1270; x_wconf 90' lang='lat' dir='ltr'>nunc</span> <span class='ocrx_word' id='word_1_67' title='bbox 568 1215 696 1268; x_wconf 88' lang='lat' dir='ltr'>autem</span> <span class='ocrx_word' id='word_1_68' title='bbox 718 1187 814 1296; x_wconf 90' lang='lat' dir='ltr'>quid</span> <span class='ocrx_word' id='word_1_69' title='bbox 833 1194 927 1268; x_wconf 73' lang='lat' dir='ltr'>llaec</span> <span class='ocrx_word' id='word_1_70' title='bbox 944 1189 1141 1268; x_wconf 68' lang='lat' dir='ltr'>efficiunt?</span> <span class='ocrx_word' id='word_1_71' title='bbox 1164 1191 1372 1270; x_wconf 88' lang='lat' dir='ltr'>Romanos</span> <span class='ocrx_word' id='word_1_72' title='bbox 1390 1191 1463 1272; x_wconf 91' lang='lat' dir='ltr'>sci-</span> 
     </span>
     <span class='ocr_line' id='line_1_10' title="bbox 303 1302 1463 1408; baseline 0 -24"><span class='ocrx_word' id='word_1_73' title='bbox 303 1307 398 1384; x_wconf 90' lang='lat' dir='ltr'>licet</span> <span class='ocrx_word' id='word_1_74' title='bbox 423 1305 537 1382; x_wconf 88' lang='lat' dir='ltr'>fuisse</span> <span class='ocrx_word' id='word_1_75' title='bbox 562 1303 737 1400; x_wconf 90' lang='lat' dir='ltr'>liberos,</span> <span class='ocrx_word' id='word_1_76' title='bbox 765 1305 903 1408; x_wconf 90' lang='lat' dir='ltr'>quibus</span> <span class='ocrx_word' id='word_1_77' title='bbox 921 1302 1148 1382; x_wconf 89' lang='lat' dir='ltr'>Tadiorum</span> <span class='ocrx_word' id='word_1_78' title='bbox 1176 1329 1327 1382; x_wconf 90' lang='lat' dir='ltr'>nomen</span> <span class='ocrx_word' id='word_1_79' title='bbox 1354 1309 1463 1384; x_wconf 65' lang='lat' dir='ltr'>erati</span> 
     </span>
     <span class='ocr_line' id='line_1_11' title="bbox 188 1411 1465 1526; baseline 0.002 -30"><span class='ocrx_word' id='word_1_80' title='bbox 188 1411 191 1420; x_wconf 45' lang='lat'><strong>¹</strong></span> <span class='ocrx_word' id='word_1_81' title='bbox 217 1425 224 1434; x_wconf 85' lang='lat'>&#39;</span> <span class='ocrx_word' id='word_1_82' title='bbox 258 1519 265 1526; x_wconf 18' lang='grc' dir='ltr'>ι</span> <span class='ocrx_word' id='word_1_83' title='bbox 303 1414 445 1525; x_wconf 86' lang='lat' dir='ltr'>quisid</span> <span class='ocrx_word' id='word_1_84' title='bbox 460 1443 650 1523; x_wconf 88' lang='lat' dir='ltr'>umquam</span> <span class='ocrx_word' id='word_1_85' title='bbox 668 1421 851 1518; x_wconf 71' lang='lat' dir='ltr'>negavit?</span> <span class='ocrx_word' id='word_1_86' title='bbox 873 1417 1122 1496; x_wconf 86' lang='lat' dir='ltr'>Finesttesius</span> <span class='ocrx_word' id='word_1_87' title='bbox 1141 1415 1378 1515; x_wconf 87' lang='lat' dir='ltr'>concedens,</span> <span class='ocrx_word' id='word_1_88' title='bbox 1394 1447 1465 1498; x_wconf 81' lang='lat' dir='ltr'>rto·</span> 
     </span>
     <span class='ocr_line' id='line_1_12' title="bbox 304 1529 1463 1638; baseline 0.002 -27"><span class='ocrx_word' id='word_1_89' title='bbox 304 1557 397 1611; x_wconf 89' lang='lat' dir='ltr'>men</span> <span class='ocrx_word' id='word_1_90' title='bbox 418 1529 643 1610; x_wconf 89' lang='lat' dir='ltr'>Tadiornm</span> <span class='ocrx_word' id='word_1_91' title='bbox 667 1555 747 1608; x_wconf 87' lang='lat' dir='ltr'>csse</span> <span class='ocrx_word' id='word_1_92' title='bbox 771 1531 977 1638; x_wconf 89' lang='lat' dir='ltr'>proprium</span> <span class='ocrx_word' id='word_1_93' title='bbox 1004 1531 1224 1628; x_wconf 83' lang='lat' dir='ltr'>libertatis,</span> <span class='ocrx_word' id='word_1_94' title='bbox 1248 1534 1463 1613; x_wconf 84' lang='lat' dir='ltr'>contendet</span> 
     </span>
     <span class='ocr_line' id='line_1_13' title="bbox 305 1643 1463 1750; baseline 0.004 -28"><span class='ocrx_word' id='word_1_95' title='bbox 305 1643 483 1742; x_wconf 88' lang='lat' dir='ltr'>Tadios,</span> <span class='ocrx_word' id='word_1_96' title='bbox 508 1671 679 1750; x_wconf 88' lang='lat' dir='ltr'>quornm</span> <span class='ocrx_word' id='word_1_97' title='bbox 704 1645 925 1724; x_wconf 88' lang='lat' dir='ltr'>meminere</span> <span class='ocrx_word' id='word_1_98' title='bbox 945 1643 1016 1721; x_wconf 89' lang='lat' dir='ltr'>ista</span> <span class='ocrx_word' id='word_1_99' title='bbox 1037 1664 1323 1742; x_wconf 87' lang='lat' dir='ltr'>monumenta,</span> <span class='ocrx_word' id='word_1_100' title='bbox 1346 1648 1463 1728; x_wconf 85' lang='lat' dir='ltr'>fuisse</span> 
     </span>
     <span class='ocr_line' id='line_1_14' title="bbox 307 1757 1465 1866; baseline 0.004 -28"><span class='ocrx_word' id='word_1_101' title='bbox 307 1785 354 1838; x_wconf 84' lang='lat' dir='ltr'>ex</span> <span class='ocrx_word' id='word_1_102' title='bbox 384 1760 540 1845; x_wconf 86' lang='lat' dir='ltr'>familia</span> <span class='ocrx_word' id='word_1_103' title='bbox 568 1759 863 1838; x_wconf 87' lang='lat' dir='ltr'>libertinorum.</span> <span class='ocrx_word' id='word_1_104' title='bbox 893 1757 977 1836; x_wconf 89' lang='lat' dir='ltr'>Cur</span> <span class='ocrx_word' id='word_1_105' title='bbox 1009 1759 1092 1836; x_wconf 75' lang='lat' dir='ltr'>ital</span> <span class='ocrx_word' id='word_1_106' title='bbox 1123 1757 1311 1838; x_wconf 91' lang='lat' dir='ltr'>videlicet</span> <span class='ocrx_word' id='word_1_107' title='bbox 1325 1815 1341 1858; x_wconf 92' lang='lat'>,</span> <span class='ocrx_word' id='word_1_108' title='bbox 1371 1762 1465 1866; x_wconf 86' lang='lat' dir='ltr'>quia</span> 
     </span>
     <span class='ocr_line' id='line_1_15' title="bbox 307 1871 1464 1979; baseline 0.001 -27"><span class='ocrx_word' id='word_1_109' title='bbox 307 1899 448 1952; x_wconf 89' lang='lat' dir='ltr'>omnes</span> <span class='ocrx_word' id='word_1_110' title='bbox 463 1871 583 1950; x_wconf 85' lang='lat' dir='ltr'>Tadii</span> <span class='ocrx_word' id='word_1_111' title='bbox 604 1874 735 1952; x_wconf 90' lang='lat' dir='ltr'>liberti</span> <span class='ocrx_word' id='word_1_112' title='bbox 755 1873 952 1951; x_wconf 88' lang='lat' dir='ltr'>dicuntur.</span> <span class='ocrx_word' id='word_1_113' title='bbox 979 1871 1022 1950; x_wconf 89' lang='lat' dir='ltr'>ld</span> <span class='ocrx_word' id='word_1_114' title='bbox 1042 1871 1212 1952; x_wconf 89' lang='lat' dir='ltr'>dubitari</span> <span class='ocrx_word' id='word_1_115' title='bbox 1231 1899 1312 1952; x_wconf 92' lang='lat' dir='ltr'>non</span> <span class='ocrx_word' id='word_1_116' title='bbox 1332 1895 1464 1979; x_wconf 90' lang='lat' dir='ltr'>potest</span> 
     </span>
     <span class='ocr_line' id='line_1_16' title="bbox 308 1985 1464 2094; baseline 0.005 -31"><span class='ocrx_word' id='word_1_117' title='bbox 308 1986 357 2074; x_wconf 90' lang='lat' dir='ltr'>de</span> <span class='ocrx_word' id='word_1_118' title='bbox 383 1985 431 2062; x_wconf 87' lang='lat' dir='ltr'>C.</span> <span class='ocrx_word' id='word_1_119' title='bbox 450 1985 581 2064; x_wconf 85' lang='lat' dir='ltr'>Tadio</span> <span class='ocrx_word' id='word_1_120' title='bbox 611 1987 793 2065; x_wconf 88' lang='lat' dir='ltr'>Ianuario</span> <span class='ocrx_word' id='word_1_121' title='bbox 821 1987 1066 2084; x_wconf 86' lang='lat' dir='ltr'>Pisaurensi,</span> <span class='ocrx_word' id='word_1_122' title='bbox 1093 2008 1131 2066; x_wconf 91' lang='lat' dir='ltr'>et</span> <span class='ocrx_word' id='word_1_123' title='bbox 1159 1985 1464 2094; x_wconf 83' lang='lat' dir='ltr'>prudentissime</span> 
     </span>
     <span class='ocr_line' id='line_1_17' title="bbox 308 2099 1463 2201; baseline 0.002 -21"><span class='ocrx_word' id='word_1_124' title='bbox 308 2100 521 2189; x_wconf 87' lang='lat' dir='ltr'>coniicitur</span> <span class='ocrx_word' id='word_1_125' title='bbox 543 2099 591 2178; x_wconf 90' lang='lat' dir='ltr'>de</span> <span class='ocrx_word' id='word_1_126' title='bbox 616 2105 742 2183; x_wconf 90' lang='lat' dir='ltr'>altero</span> <span class='ocrx_word' id='word_1_127' title='bbox 761 2100 810 2180; x_wconf 93' lang='lat' dir='ltr'>C.</span> <span class='ocrx_word' id='word_1_128' title='bbox 832 2099 965 2180; x_wconf 90' lang='lat' dir='ltr'>Tadio</span> <span class='ocrx_word' id='word_1_129' title='bbox 991 2103 1165 2180; x_wconf 85' lang='lat' dir='ltr'>Lucano.</span> <span class='ocrx_word' id='word_1_130' title='bbox 1190 2103 1325 2201; x_wconf 91' lang='lat' dir='ltr'>Quam</span> <span class='ocrx_word' id='word_1_131' title='bbox 1350 2103 1463 2183; x_wconf 88' lang='lat' dir='ltr'>enim</span> 
     </span>
     <span class='ocr_line' id='line_1_18' title="bbox 305 2215 1463 2322; baseline 0.005 -30"><span class='ocrx_word' id='word_1_132' title='bbox 305 2215 423 2294; x_wconf 89' lang='lat' dir='ltr'>habet</span> <span class='ocrx_word' id='word_1_133' title='bbox 445 2218 743 2322; x_wconf 86' lang='lat' dir='ltr'>repugnantiam</span> <span class='ocrx_word' id='word_1_134' title='bbox 766 2220 894 2318; x_wconf 86' lang='lat' dir='ltr'>legere</span> <span class='ocrx_word' id='word_1_135' title='bbox 903 2230 976 2313; x_wconf 88' lang='lat' dir='ltr'>,C</span> <span class='ocrx_word' id='word_1_136' title='bbox 995 2215 1147 2294; x_wconf 78' lang='lat' dir='ltr'>Tadius</span> <span class='ocrx_word' id='word_1_137' title='bbox 1168 2226 1351 2294; x_wconf 79' lang='lat' dir='ltr'>Lucanus</span> <span class='ocrx_word' id='word_1_138' title='bbox 1368 2229 1463 2298; x_wconf 76' lang='lat' dir='ltr'>Cen·</span> 
     </span>
     <span class='ocr_line' id='line_1_19' title="bbox 306 2327 1464 2442; baseline 0.004 -36"><span class='ocrx_word' id='word_1_139' title='bbox 306 2336 411 2406; x_wconf 80' lang='lat' dir='ltr'>turio</span> <span class='ocrx_word' id='word_1_140' title='bbox 431 2333 608 2440; x_wconf 79' lang='lat' dir='ltr'>Legionis</span> <span class='ocrx_word' id='word_1_141' title='bbox 633 2336 817 2442; x_wconf 78' lang='lat' dir='ltr'>septimae</span> <span class='ocrx_word' id='word_1_142' title='bbox 839 2333 1019 2410; x_wconf 83' lang='lat' dir='ltr'>Geminae</span> <span class='ocrx_word' id='word_1_143' title='bbox 1040 2327 1226 2410; x_wconf 71' lang='lat' dir='ltr'>libertus²</span> <span class='ocrx_word' id='word_1_144' title='bbox 1255 2327 1337 2407; x_wconf 92' lang='lat' dir='ltr'>Cur</span> <span class='ocrx_word' id='word_1_145' title='bbox 1360 2331 1464 2410; x_wconf 85' lang='lat' dir='ltr'>illud</span> 
     </span>
     <span class='ocr_line' id='line_1_20' title="bbox 308 2439 1463 2574; baseline 0.004 -52"><span class='ocrx_word' id='word_1_146' title='bbox 308 2439 404 2522; x_wconf 86' lang='lat' dir='ltr'><strong>LIB.</strong></span> <span class='ocrx_word' id='word_1_147' title='bbox 427 2449 585 2574; x_wconf 86' lang='lat' dir='ltr'>quintae</span> <span class='ocrx_word' id='word_1_148' title='bbox 607 2445 735 2523; x_wconf 88' lang='lat' dir='ltr'>lineae</span> <span class='ocrx_word' id='word_1_149' title='bbox 757 2443 1007 2524; x_wconf 87' lang='lat' dir='ltr'>referendum</span> <span class='ocrx_word' id='word_1_150' title='bbox 1029 2445 1157 2524; x_wconf 91' lang='lat' dir='ltr'>estad</span> <span class='ocrx_word' id='word_1_151' title='bbox 1178 2443 1354 2551; x_wconf 85' lang='lat' dir='ltr'>primum</span> <span class='ocrx_word' id='word_1_152' title='bbox 1380 2446 1463 2526; x_wconf 86' lang='lat' dir='ltr'>Ta</span> 
     </span>
     <span class='ocr_line' id='line_1_21' title="bbox 309 2554 1461 2666; baseline 0.004 -32"><span class='ocrx_word' id='word_1_153' title='bbox 309 2554 424 2636; x_wconf 86' lang='lat' dir='ltr'>diurn</span> <span class='ocrx_word' id='word_1_154' title='bbox 436 2613 451 2656; x_wconf 89' lang='lat'>,</span> <span class='ocrx_word' id='word_1_155' title='bbox 480 2559 547 2666; x_wconf 88' lang='lat' dir='ltr'>qui</span> <span class='ocrx_word' id='word_1_156' title='bbox 569 2558 650 2639; x_wconf 88' lang='lat' dir='ltr'>iam</span> <span class='ocrx_word' id='word_1_157' title='bbox 667 2558 756 2639; x_wconf 90' lang='lat' dir='ltr'>Caii</span> <span class='ocrx_word' id='word_1_158' title='bbox 775 2562 937 2640; x_wconf 89' lang='lat' dir='ltr'>libertus</span> <span class='ocrx_word' id='word_1_159' title='bbox 959 2559 1103 2638; x_wconf 86' lang='lat' dir='ltr'>dicitnr</span> <span class='ocrx_word' id='word_1_160' title='bbox 1121 2561 1231 2659; x_wconf 86' lang='lat' dir='ltr'>siglis</span> <span class='ocrx_word' id='word_1_161' title='bbox 1252 2561 1333 2638; x_wconf 83' lang='lat' dir='ltr'>tllrs</span> <span class='ocrx_word' id='word_1_162' title='bbox 1350 2558 1400 2636; x_wconf 98' lang='lat' dir='ltr'>C</span> <span class='ocrx_word' id='word_1_163' title='bbox 1408 2559 1461 2639; x_wconf 90' lang='lat' dir='ltr'>L.</span> 
     </span>
     <span class='ocr_line' id='line_1_22' title="bbox 306 2673 1463 2779; baseline 0.005 -31"><span class='ocrx_word' id='word_1_164' title='bbox 306 2690 447 2752; x_wconf 84' lang='lat' dir='ltr'>ernon</span> <span class='ocrx_word' id='word_1_165' title='bbox 465 2675 514 2753; x_wconf 89' lang='lat' dir='ltr'>ad</span> <span class='ocrx_word' id='word_1_166' title='bbox 533 2675 776 2772; x_wconf 87' lang='lat' dir='ltr'>secundum,</span> <span class='ocrx_word' id='word_1_167' title='bbox 800 2701 891 2756; x_wconf 91' lang='lat' dir='ltr'>curn</span> <span class='ocrx_word' id='word_1_168' title='bbox 908 2701 989 2779; x_wconf 90' lang='lat' dir='ltr'>quo</span> <span class='ocrx_word' id='word_1_169' title='bbox 1011 2673 1272 2750; x_wconf 86' lang='lat' dir='ltr'>immediate</span> <span class='ocrx_word' id='word_1_170' title='bbox 1262 2699 1301 2748; x_wconf 90' lang='grc' dir='ltr'>ιιι</span> <span class='ocrx_word' id='word_1_171' title='bbox 1321 2675 1463 2755; x_wconf 80' lang='lat' dir='ltr'>eadem</span> 
     </span>
     <span class='ocr_line' id='line_1_23' title="bbox 306 2781 1463 2890; baseline 0.002 -26"><span class='ocrx_word' id='word_1_172' title='bbox 306 2785 414 2864; x_wconf 82' lang='lat' dir='ltr'>linea</span> <span class='ocrx_word' id='word_1_173' title='bbox 439 2788 758 2890; x_wconf 63' lang='lat' dir='ltr'>coniungitur?</span> <span class='ocrx_word' id='word_1_174' title='bbox 748 2815 881 2868; x_wconf 90' lang='grc' dir='ltr'>ιιιιιιιο</span> <span class='ocrx_word' id='word_1_175' title='bbox 903 2787 1058 2864; x_wconf 85' lang='lat' dir='ltr'>videtur</span> <span class='ocrx_word' id='word_1_176' title='bbox 1086 2781 1286 2888; x_wconf 87' lang='lat' dir='ltr'>absurdius</span> <span class='ocrx_word' id='word_1_177' title='bbox 1312 2781 1463 2884; x_wconf 83' lang='lat' dir='ltr'>dicere,</span> 
     </span>
     <span class='ocr_line' id='line_1_24' title="bbox 263 2881 1463 3004; baseline 0.001 -27"><span class='ocrx_word' id='word_1_178' title='bbox 263 2909 266 2913; x_wconf 83' lang='grc'><strong>’</strong></span> <span class='ocrx_word' id='word_1_179' title='bbox 307 2895 358 2976; x_wconf 94' lang='lat' dir='ltr'>C.</span> <span class='ocrx_word' id='word_1_180' title='bbox 377 2899 553 2980; x_wconf 78' lang='lat' dir='ltr'>Tedium</span> <span class='ocrx_word' id='word_1_181' title='bbox 572 2903 664 2981; x_wconf 92' lang='lat' dir='ltr'>bis</span> <span class='ocrx_word' id='word_1_182' title='bbox 653 2929 694 2979; x_wconf 91' lang='grc' dir='ltr'>ιιι</span> <span class='ocrx_word' id='word_1_183' title='bbox 718 2901 864 2980; x_wconf 88' lang='lat' dir='ltr'>eodem</span> <span class='ocrx_word' id='word_1_184' title='bbox 889 2896 1016 3004; x_wconf 88' lang='lat' dir='ltr'>lapide</span> <span class='ocrx_word' id='word_1_185' title='bbox 1041 2881 1236 3003; x_wconf 85' lang='lat' dir='ltr'>appellari</span> <span class='ocrx_word' id='word_1_186' title='bbox 1258 2897 1463 2981; x_wconf 90' lang='lat' dir='ltr'>libertum.</span> 
     </span>
     <span class='ocr_line' id='line_1_25' title="bbox 311 3008 1461 3120; baseline 0.005 -30"><span class='ocrx_word' id='word_1_187' title='bbox 311 3008 371 3090; x_wconf 87' lang='lat' dir='ltr'>Ita</span> <span class='ocrx_word' id='word_1_188' title='bbox 386 3013 609 3112; x_wconf 81' lang='lat' dir='ltr'>Florezius,</span> <span class='ocrx_word' id='word_1_189' title='bbox 627 3035 669 3096; x_wconf 88' lang='lat' dir='ltr'>ut</span> <span class='ocrx_word' id='word_1_190' title='bbox 686 3016 752 3092; x_wconf 87' lang='lat' dir='ltr'>uni</span> <span class='ocrx_word' id='word_1_191' title='bbox 775 3011 1077 3092; x_wconf 86' lang='lat' dir='ltr'>libertinitatem</span> <span class='ocrx_word' id='word_1_192' title='bbox 1095 3015 1212 3110; x_wconf 89' lang='lat' dir='ltr'>tollat</span> <span class='ocrx_word' id='word_1_193' title='bbox 1222 3069 1237 3111; x_wconf 93' lang='lat'>,</span> <span class='ocrx_word' id='word_1_194' title='bbox 1251 3012 1461 3120; x_wconf 76' lang='lat' dir='ltr'>duplicent</span> 
     </span>
     <span class='ocr_line' id='line_1_26' title="bbox 310 3123 1471 3226; baseline -0.006 -22"><span class='ocrx_word' id='word_1_195' title='bbox 310 3123 354 3204; x_wconf 79' lang='lat' dir='ltr'>in</span> <span class='ocrx_word' id='word_1_196' title='bbox 384 3133 509 3207; x_wconf 90' lang='lat' dir='ltr'>altero</span> <span class='ocrx_word' id='word_1_197' title='bbox 542 3132 729 3207; x_wconf 87' lang='lat' dir='ltr'>cumulat.</span> <span class='ocrx_word' id='word_1_198' title='bbox 761 3127 836 3208; x_wconf 85' lang='lat' dir='ltr'>Sed</span> <span class='ocrx_word' id='word_1_199' title='bbox 866 3125 1005 3204; x_wconf 87' lang='lat' dir='ltr'>demus</span> <span class='ocrx_word' id='word_1_200' title='bbox 1033 3127 1248 3224; x_wconf 86' lang='lat' dir='ltr'>Flotezi0,</span> <span class='ocrx_word' id='word_1_201' title='bbox 1283 3149 1325 3206; x_wconf 86' lang='grc' dir='ltr'>ιιι</span> <span class='ocrx_word' id='word_1_202' title='bbox 1356 3132 1471 3226; x_wconf 83' lang='lat' dir='ltr'>legat.</span> 
     </span>
     <span class='ocr_line' id='line_1_27' title="bbox 309 3231 1462 3328; baseline -0.001 -3"><span class='ocrx_word' id='word_1_203' title='bbox 309 3235 562 3328; x_wconf 85' lang='lat' dir='ltr'><strong>LIBERTO.</strong></span> <span class='ocrx_word' id='word_1_204' title='bbox 574 3243 795 3322; x_wconf 85' lang='lat' dir='ltr'><strong>OPTIME.</strong></span> <span class='ocrx_word' id='word_1_205' title='bbox 808 3241 894 3319; x_wconf 88' lang='lat' dir='ltr'>DE.</span> <span class='ocrx_word' id='word_1_206' title='bbox 903 3241 970 3320; x_wconf 83' lang='lat' dir='ltr'>SE.</span> <span class='ocrx_word' id='word_1_207' title='bbox 982 3231 1219 3322; x_wconf 62' lang='lat' dir='ltr'>MERITO&#39;:</span> <span class='ocrx_word' id='word_1_208' title='bbox 1231 3239 1303 3320; x_wconf 71' lang='lat' dir='ltr'>&#39;cur</span> <span class='ocrx_word' id='word_1_209' title='bbox 1318 3243 1462 3324; x_wconf 88' lang='lat' dir='ltr'>retine·</span> 
     </span>
     <span class='ocr_line' id='line_1_28' title="bbox 308 3355 1467 3468; baseline 0.002 -34"><span class='ocrx_word' id='word_1_210' title='bbox 308 3358 344 3434; x_wconf 84' lang='lat' dir='ltr'>ri</span> <span class='ocrx_word' id='word_1_211' title='bbox 356 3359 589 3461; x_wconf 75' lang='lat' dir='ltr'>finesttesii</span> <span class='ocrx_word' id='word_1_212' title='bbox 601 3358 723 3439; x_wconf 89' lang='lat' dir='ltr'>lectio</span> <span class='ocrx_word' id='word_1_213' title='bbox 741 3383 823 3436; x_wconf 89' lang='lat' dir='ltr'>non</span> <span class='ocrx_word' id='word_1_214' title='bbox 843 3377 972 3462; x_wconf 89' lang='lat' dir='ltr'>potest</span> <span class='ocrx_word' id='word_1_215' title='bbox 990 3361 1006 3433; x_wconf 68' lang='grc' dir='ltr'>ἓ</span> <span class='ocrx_word' id='word_1_216' title='bbox 1032 3381 1105 3433; x_wconf 93' lang='lat' dir='ltr'>nos</span> <span class='ocrx_word' id='word_1_217' title='bbox 1126 3355 1316 3468; x_wconf 85' lang='lat' dir='ltr'>opinandi</span> <span class='ocrx_word' id='word_1_218' title='bbox 1336 3357 1467 3438; x_wconf 37' lang='lat' dir='ltr'>licen-⁸</span> 
     </span>
     <span class='ocr_line' id='line_1_29' title="bbox 310 3471 1463 3580; baseline 0.003 -31"><span class='ocrx_word' id='word_1_219' title='bbox 310 3474 438 3570; x_wconf 86' lang='lat' dir='ltr'>tiam,</span> <span class='ocrx_word' id='word_1_220' title='bbox 464 3500 583 3580; x_wconf 87' lang='lat' dir='ltr'>quam</span> <span class='ocrx_word' id='word_1_221' title='bbox 602 3475 687 3551; x_wconf 90' lang='lat' dir='ltr'>aliis</span> <span class='ocrx_word' id='word_1_222' title='bbox 708 3471 990 3552; x_wconf 89' lang='lat' dir='ltr'>concedimus</span> <span class='ocrx_word' id='word_1_223' title='bbox 982 3495 1022 3546; x_wconf 87' lang='grc' dir='ltr'>ιιι</span> <span class='ocrx_word' id='word_1_224' title='bbox 1040 3472 1117 3548; x_wconf 87' lang='lat' dir='ltr'>hoc</span> <span class='ocrx_word' id='word_1_225' title='bbox 1136 3477 1398 3600; x_wconf 64' lang='lat' dir='ltr'>argumento,</span> <span class='ocrx_word' id='word_1_226' title='bbox 1420 3473 1463 3552; x_wconf 91' lang='lat' dir='ltr'>in</span> 
     </span>
     <span class='ocr_line' id='line_1_30' title="bbox 311 3585 1462 3704; baseline -0.003 -38"><span class='ocrx_word' id='word_1_227' title='bbox 311 3615 394 3704; x_wconf 87' lang='lat' dir='ltr'>quo</span> <span class='ocrx_word' id='word_1_228' title='bbox 412 3611 499 3699; x_wconf 84' lang='lat' dir='ltr'>sunt</span> <span class='ocrx_word' id='word_1_229' title='bbox 520 3587 736 3666; x_wconf 89' lang='lat' dir='ltr'>hominum</span> <span class='ocrx_word' id='word_1_230' title='bbox 758 3585 902 3664; x_wconf 81' lang='lat' dir='ltr'>iudicia</span> <span class='ocrx_word' id='word_1_231' title='bbox 924 3585 1070 3679; x_wconf 89' lang='lat' dir='ltr'>libera,</span> <span class='ocrx_word' id='word_1_232' title='bbox 1093 3587 1207 3662; x_wconf 90' lang='lat' dir='ltr'>nobis</span> <span class='ocrx_word' id='word_1_233' title='bbox 1230 3587 1328 3692; x_wconf 70' lang='lat' dir='ltr'>eripi</span> <span class='ocrx_word' id='word_1_234' title='bbox 1319 3586 1462 3663; x_wconf 89' lang='lat' dir='ltr'>nullo</span> 
     </span>
    </p>
   </div>
   <div class='ocr_carea' id='block_1_5' title="bbox 308 3690 1467 3812">
    <p class='ocr_par' dir='ltr' id='par_1_5' title="bbox 308 3690 1467 3812">
     <span class='ocr_line' id='line_1_31' title="bbox 308 3690 1467 3812; baseline -0.007 -28"><span class='ocrx_word' id='word_1_235' title='bbox 308 3725 426 3812; x_wconf 87' lang='lat' dir='ltr'>pacto</span> <span class='ocrx_word' id='word_1_236' title='bbox 442 3690 647 3809; x_wconf 86' lang='lat' dir='ltr'>patiemur</span> <span class='ocrx_word' id='word_1_237' title='bbox 666 3700 849 3780; x_wconf 81' lang='lat' dir='ltr'>Floreaio</span> <span class='ocrx_word' id='word_1_238' title='bbox 865 3699 1115 3776; x_wconf 82' lang='lat' dir='ltr'>incumbebat</span> <span class='ocrx_word' id='word_1_239' title='bbox 1130 3699 1353 3795; x_wconf 88' lang='lat' dir='ltr'>ostendere,</span> <span class='ocrx_word' id='word_1_240' title='bbox 1363 3691 1467 3802; x_wconf 82' lang='lat' dir='ltr'>quid</span> 
     </span>
    </p>
   </div>
   <div class='ocr_carea' id='block_1_6' title="bbox 277 3811 1464 4012">
    <p class='ocr_par' dir='ltr' id='par_1_6' title="bbox 277 3811 1464 4012">
     <span class='ocr_line' id='line_1_32' title="bbox 277 3811 1464 3950; baseline -0.012 -41.587"><span class='ocrx_word' id='word_1_241' title='bbox 277 3822 443 3934; x_wconf 74' lang='lat' dir='ltr'>mali,</span> <span class='ocrx_word' id='word_1_242' title='bbox 463 3816 561 3926; x_wconf 89' lang='lat' dir='ltr'>quid</span> <span class='ocrx_word' id='word_1_243' title='bbox 582 3813 763 3950; x_wconf 89' lang='lat' dir='ltr'>absurdi</span> <span class='ocrx_word' id='word_1_244' title='bbox 753 3841 795 3897; x_wconf 89' lang='grc' dir='ltr'>ιιι</span> <span class='ocrx_word' id='word_1_245' title='bbox 814 3811 1081 3950; x_wconf 68' lang='lat' dir='ltr'>neclectique</span> <span class='ocrx_word' id='word_1_246' title='bbox 1103 3831 1212 3895; x_wconf 88' lang='lat' dir='ltr'>esset.</span> <span class='ocrx_word' id='word_1_247' title='bbox 1235 3813 1464 3912; x_wconf 76' lang='lat' dir='ltr'>Neminem</span> 
     </span>
     <span class='ocr_line' id='line_1_33' title="bbox 772 3942 1403 4012; baseline -0.013 3"><span class='ocrx_word' id='word_1_248' title='bbox 772 3974 777 3985; x_wconf 93' lang='lat'><strong>·</strong></span> <span class='ocrx_word' id='word_1_249' title='bbox 1054 3942 1060 3950; x_wconf 79' lang='grc'><strong>’</strong></span> <span class='ocrx_word' id='word_1_250' title='bbox 1271 3944 1403 4012; x_wconf 72' lang='lat' dir='ltr'>autem</span> 
     </span>
    </p>
   </div>
   <div class='ocr_carea' id='block_1_7' title="bbox 0 0 1631 4688">
    <p class='ocr_par' dir='ltr' id='par_1_7' title="bbox 0 0 1631 4688">
     <span class='ocr_line' id='line_1_34' title="bbox 0 0 1631 4688; baseline 0 0"><span class='ocrx_word' id='word_1_251' title='bbox 0 0 1631 4688; x_wconf 95' lang='lat' dir='ltr'> </span> 
     </span>
    </p>
   </div>
  </div>
 </body>
</html>
