3240 4688
333 197 394 288 8Ζ
516 235 844 304 stnnsrntsws
866 235 1097 304 torosos
1119 236 1219 303 can.
1236 235 1327 302 xv1.

332 361 454 468 hique
478 361 745 442 certissimum
766 383 855 462 est,
878 360 988 472 quod
1002 361 1217 441 ‘Florezius
1243 359 1287 439 in
1312 361 1491 468 prologo

334 480 504 570 fatetur,
527 477 627 556 sein
648 478 938 560 conscribendo
956 504 1075 587 opere
1089 531 1105 574 ‚
1123 476 1175 555 ad
1196 472 1306 584 quod
1327 501 1434 558 nunc
1449 503 1496 557 se·

334 591 534 687 accinxit,
555 592 670 670 fuisse
693 597 740 672 ab
762 595 841 674 hoc
857 593 1095 674 doctissimo
1115 613 1155 672 et
1173 589 1493 700 praeclarissimo

332 705 423 785 viro
442 731 683 812 magnopere
700 706 893 788 adiutum.
915 705 992 788 Sed
1005 733 1104 814 quae
1117 703 1283 786 tandem
1301 709 1416 814 eulpa
1432 727 1494 786 est

331 820 493 899 hicnon
509 821 747 899 consuluisse
762 821 1022 924 Foguetiumi
1040 821 1202 924 gravior
1217 822 1381 898 fortasse
1395 821 1490 921 erit,

332 958 418 1014 non
443 934 559 1012 fuisse
587 940 814 1015 consultum
840 943 888 1018 ab
906 937 1105 1044 Scriptore
1122 935 1333 1042 Hispaniae
1351 935 1491 1021 Sacrae

331 1048 572 1128 Primarium
584 1049 820 1131 Emeritam.
839 1053 947 1132 Nam
959 1053 1190 1129 utmulturn
1202 1050 1375 1128 tribuam
1384 1051 1491 1156 Ray·

331 1161 487 1241 mundo
508 1163 701 1267 Foguetio
714 1222 731 1263 ,
757 1167 822 1247 cui
844 1189 948 1246 certe
970 1169 1146 1244 multum
1172 1164 1329 1258 tribu03
1353 1183 1490 1245 tamen

332 1275 373 1356 in
404 1279 637 1378 cognitione
659 1283 921 1388 'antiquarum
951 1307 1111 1376 rerum,
1142 1305 1239 1385 quae
1269 1278 1320 1356 ad
1345 1279 1490 1385 Hispa·

329 1390 443 1470 niam
469 1389 812 1476 Tarraconensem
838 1400 1063 1506 pertinent,
1091 1420 1174 1472 non
1199 1415 1282 1472 erar
1304 1415 1490 1472 contem-

329 1505 508 1584 nendum
533 1530 638 1588 certe
666 1509 857 1592 iudicium
878 1507 1131 1604 Finestresii‚
1153 1509 1220 1613 qui
1248 1508 1365 1588 simul
1392 1532 1487 1584 cum

278 1693 281 1700 .
331 1615 543 1700 Canonico
567 1623 855 1706 Tarraconensi
884 1621 1144 1706 consulendus
1171 1648 1252 1702 esse
1282 1621 1488 1700 videbatur

330 1737 378 1814 ab
394 1733 574 1817 Henrico
592 1738 804 1839 Ftorezio,
831 1767 951 1850 quem
978 1735 1226 1855 pedetentim
1253 1761 1486 1844 sequemur,
1613 1747 1614 1752 '

328 1869 372 1932 ut
394 1852 591 1956 hucusque
609 1856 789 1934 fecimus.

327 2008 328 2013 Ν
389 1963 436 2040 ln
463 1993 565 2044 aum.
582 1994 623 2061 4.
656 1973 832 2050 collocat
855 1969 1055 2049 Florezins
1083 1965 1383 2074 inscriptionem
1413 1988 1488 2040 nu·

327 2076 502 2184 perrime
524 2078 730 2162 inventam
751 2084 794 2162 in
810 2085 1077 2164 vetustissimo
1092 2107 1211 2161 muro
1225 2081 1350 2161 Aulae
1364 2074 1488 2186 Capi«,
1613 2083 1614 2128 ³

329 2191 464 2272 otiaris
481 2195 817 2300 Tarraconensis,
844 2228 943 2308 quae
971 2200 1026 2278 ita
1051 2203 1170 2281 habet
1287 2229 1291 2266 ε

735 2430 944 2512 IVNONI
976 2429 1093 2512 AVG
1139 2455 1142 2462 ’

652 2542 880 2627 SACRVM
914 2548 976 2626 IN
1008 2547 1046 2625 H
1078 2545 1154 2624 ME

722 2655 725 2662 ’
758 2657 1052 2740 CAECILIAE

674 2775 988 2854 IANVARIAE
1023 2768 1133 2850 LVC

627 2886 828 2964 CAECIL
858 2875 1185 2962 EPITYNCHA¹
1306 2901 1308 2906 ·

661 2997 792 3077 .st
822 2997 1005 3076 VXORI
1037 2994 1107 3074 ΟΡ

722 3108 900 3190 ΤΙΜΑΕ
930 3111 953 3192 S
983 3109 1090 3190 1³1²·

325 3341 470 3432 deinde
487 3345 529 3425 in
546 3341 844 3426 commentario
862 3347 915 3422 ait
932 3340 1156 3422 Historicus
1168 3395 1200 3438 ‚‚
1218 3359 1299 3418 esta
1311 3338 1477 3422 dedica·=

321 3467 467 3564 „cion
488 3466 551 3543 fue
573 3463 696 3538 hecha
717 3487 738 3538 a
757 3461 867 3553 Juno
884 3454 1072 3536 en'bonor
1093 3460 1109 3533 ι’
1129 3459 1308 3533 memoria
1331 3457 1380 3534 de
1400 3455 1478 3535 Ce-

321 3627 351 3678 ,,
371 3582 463 3658 cilia
492 3575 696 3668 Ianuaria,
726 3597 817 3680 pnes
842 3593 929 3654 esto
954 3572 1128 3649 denotan
1153 3573 1217 3648 las·
1233 3569 1394 3648 ultimas
1421 3577 1476 3648 le·

320 3717 352 3795 ,·,
371 3715 447 3772 tras
470 3693 535 3772 del
559 3685 735 3790 segundo
762 3692 929 3786 renglon
954 3685 1028 3764 ΙΝ.
1045 3685 1086 3764 H
1113 3685 1190 3762 ME
1212 3697 1267 3761 ln·
1285 3697 1475 3762 Honorem

318 3847 353 3912 5,
371 3813 670 3917 memoriamque
676 3827 695 3904 ·,
706 3802 798 3882 sino
815 3825 890 3910 que
907 3803 1002 3880 faite
1013 3825 1096 3881 -una
1111 3797 1144 3876 E
1160 3798 1319 3906 despues
1336 3798 1402 3873 det
1414 3791 1471 3890 Η,

379 3953 383 3961 ’
1250 3933 1417 4010 „segon
