3240 4688
391 249 570 316 votvm.
595 245 737 314 XXIIII.
760 245 871 314 HISP.
892 245 1022 336 SACR.
1232 231 1297 326 ,73

133 393 283 487 postea
304 371 588 483 inexplicatum
609 377 747 454 Iocum
763 405 772 454 ι
790 376 924 452 multo
946 369 1092 450 melius
1110 370 1304 450 FInestre‘·

135 493 221 586 ‚cius
232 547 248 587 ‚
273 489 342 594 qui
358 511 606 568 commutata
621 489 755 568 littera
771 491 825 569 X.
842 489 883 566 in
897 488 951 585 V,
971 509 1009 564 ec
1027 487 1053 564 F
1068 486 1109 566 itt
1127 485 1165 565 T
1181 489 1305 586 figura

126 605 247 686 inter
265 629 305 682 se
322 603 438 682 valde
457 606 631 700 affinibus
641 659 656 701 ‚
672 605 871 710 optimam
886 601 1123 680 sententiam
1141 603 1232 680 huic
1247 607 1303 682 Io·

131 744 193 804 co
213 719 400 824 reliquit,
416 723 549 820 legens
572 717 785 800 COHOR.
801 717 914 798 VIII.
936 715 1129 798 PRAET.
1152 717 1230 795 hoc
1249 739 1306 796 cst

133 835 382 916 Praetoriae.
399 833 505 912 .Non
529 855 585 912 est
608 859 762 942 necesse
786 831 926 942 positis
945 836 1033 910 Iam.
1052 852 1141 910 ante
1165 837 1304 928 oculos

132 949 448 1052 commentariis
483 949 681 1028 inculcare
722 947 1045 1050 urgentissimam
1081 947 1305 1046 rationem,

24 1094 26 1099 ·
132 1091 220 1170 qua
247 1062 290 1142 id
319 1061 524 1142 concludit
551 1063 806 1144 doctissimus
829 1063 903 1142 vir.
929 1061 1036 1140 IIIud
1059 1088 1157 1144 vero
1185 1063 1305 1142 mitti-

133 1201 209 1258 me
241 1177 569 1286 praetereundum
588 1233 603 1280 ‚
637 1177 747 1283 quod
782 1180 882 1256 Itanc
916 1176 1144 1277 corrigendi
1180 1177 1305 1258 licen·-

134 1293 274 1390 „tiam,
302 1319 423 1399 quam
449 1293 489 1369 in
518 1297 645 1371 altero
672 1315 778 1371 nunc
807 1315 891 1369 nou
921 1295 1062 1396 probat
1087 1291 1305 1390 FIorezius‚

136 1407 216 1506 ribi
246 1409 326 1514 ipse
354 1408 491 1486 multis
519 1407 560 1486 in
588 1409 689 1486 Iocis
717 1405 902 1486 assumit:
933 1431 978 1482 ex
1004 1405 1171 1510 quibus,
1194 1407 1306 1511 quod

141 1522 270 1622 magis
295 1521 344 1600 ad
363 1525 614 1630 propositum
638 1522 732 1606 facit
746 1577 767 1620 ,.
785 1520 962 1628 primum
988 1519 1183 1600 deducam
1200 1521 1305 1601 nutri.

136 1665 214 1731 ³47.
226 1651 407 1748 εφη,
420 1637 460 1715 in
477 1663 558 1743 quo
572 1641 669 1717 hacc
686 1639 824 1742 habet:
844 1637 1050 1716 Finestres.
1062 1691 1071 1710 .
1084 1691 1094 1712 .
1109 1659 1207 1716 nota
1221 1635 1306 1717 bien

136 1777 228 1860 ¹quc¹
246 1778 291 1828 en
318 1754 355 1830 el
372 1779 476 1831 num.
489 1764 571 1832 XX.
586 1751 630 1831 de
646 1753 689 1832 la
702 1753 845 1861 Legion
860 1776 999 1863 parere
1021 1745 1134 1829 sabra
1156 1779 1238 1843 unct
1255 1765 1307 1850 X,

138 1862 189 1942 de
212 1889 365 1963 suerte,
388 1895 459 1978 que
483 1895 523 1947 se
543 1867 607 1948 lea
631 1866 745 1956 LEG.
761 1867 840 1962 X.,
865 1869 909 1946 la
927 1865 1025 1978 qual
1044 1894 1111 1946 era
1129 1873 1306 1964 Gemina,

142 2006 191 2054 no
208 1980 252 2058 la
267 1995 349 2058 XX.
374 1985 480 2063 Rem
498 1981 548 2062 ad
571 1987 744 2062 calculos
762 2006 963 2060 vocemus.
990 1981 1069 2061 Hic
1087 1983 1178 2090 quia
1196 1983 1305 2085 legio

140 2092 242 2172 XX.
263 2096 441 2171 nonfuit
462 2093 661 2192 Gemina,
686 2093 856 2197 delenda
873 2115 936 2200 “est
957 2098 1078 2172 altera
1094 2098 1160 2192 X,
1188 2119 1226 2176 et
1250 2102 1306 2176 Ie.

139 2203 319 2308 gendum
338 2207 451 2284 LEG.
462 2210 515 2286 X.
532 2209 579 2286 G.
601 2227 739 2288 contra
757 2205 882 2288 fidem
899 2211 1153 2288 monumenti
1164 2265 1179 2306 ,
1198 2209 1307 2316 quod

138 2317 304 2400 exhibet
322 2321 435 2402 LEG.
452 2323 550 2402 XX.
567 2323 637 2404 G.:
667 2349 735 2404 cur
752 2321 874 2426 igitur
893 2319 1073 2424 neganda
1095 2325 1211 2402 nobis
1229 2327 1307 2403 erit

9 2465 10 2478 ¹
136 2436 330 2534 facultas,
356 2463 440 2522 non
464 2437 597 2518 dicam
621 2437 782 2518 delendi
805 2437 984 2518 litteram
1007 2439 1061 2518 X.
1081 2435 1123 2516 in
1142 2463 1183 2516 re
1212 2441 1307 2520 conl-

145 2568 351 2648 moverta,
375 2551 443 2632 sed
472 2578 561 2632 eam
586 2551 863 2634 commutandi
885 2553 925 2630 in
943 2555 1021 2632 VJ
1052 2579 1149 2658 quae
1171 2559 1306 2633 corre·-

145 2663 230 2742 ctio
248 2665 499 2746 moderatior
515 2691 593 2763 est3
611 2693 734 2776 quum
755 2671 864 2746 nulia
880 2668 997 2748 fuerit
1013 2667 1174 2746 Cohors
1189 2671 1306 2750 XIII.

145 2779 264 2856 fuerit
283 2803 414 2861 autem
429 2785 544 2864 VIII.
562 2784 638 2864 Sed
650 2779 742 2890 audi
757 2779 984 2862 FIorequm
1000 2769 1306 2896 cap.XlI.¹n.24.

145 2900 223 2968 Los
239 2919 310 2998 que
327 2898 500 2977 admiten
517 2931 544 2979 a
559 2896 738 2980 Libisosa
755 2925 856 2979 como
872 2901 1036 2982 colonia
1054 2923 1223 2982 cumton
1240 2931 1308 2982 ca-

141 3024 264 3100 turco,
274 3006 444 3089 dictando
459 3035 563 3124 esrae
574 3017 707 3094 erraedo
719 3045 765 3094 en
780 3016 907 3095 Plinio
923 3019 960 3096 el
970 3047 1122 3098 numeru
1137 3019 1181 3098 de
1193 3032 1229 3094 X
1229 3019 1308 3118 ll„⁴

147 3122 260 3198 iesto
283 3149 322 3199 es
338 3125 421 3200 mni
443 3127 596 3234 regular
612 3156 631 3204 ο
648 3117 758 3236 nuda
781 3123 936 3214 estraro
954 3163 1000 3212 en
1018 3133 1231 3212 numero'de
1256 3133 1308 3210 li·

147 3227 233 3314 bros
248 3267 256 3313 :
274 3237 450 3317 nouerit
470 3239 592 3318 credo
606 3239 806 3324 diversum
826 3245 867 3324 in
885 3233 1055 3325 numero
1070 3247 1307 3346 Legionum.

147 3349 262 3447 Quid
279 3358 415 3460 plura}
436 3352 547 3431 idem
566 3377 702 3433 auctor
711 3383 803 3468 pag.
821 3363 910 3437 108.
930 3389 1032 3438 num.
1051 3386 1113 3437 12.
1130 3366 1224 3440 haec
1242 3362 1308 3440 ha-

147 3465 234 3540 bet:
256 3491 346 3576 pero
363 3470 531 3548 todavia
540 3469 661 3582 parde
679 3471 845 3550 dudam
863 3476 900 3549 si
916 3503 962 3552 en
978 3473 1094 3584 Iugur
1106 3475 1150 3554 de
1166 3476 1214 3556 T.
1226 3473 1307 3558 CL.

127 3579 377 3690 ,erculpieron
396 3582 467 3664 TI.
487 3581 588 3666 le.
602 3613 673 3696 que
696 3615 753 3667 no·
767 3588 902 3667 distan
920 3587 1080 3686 macho,
1106 3591 1184 3671 ien
1197 3593 1308 3674 linere

146 3687 318 3776 borradct
337 3729 375 3778 es
381 3697 497 3802 facil
515 3702 592 3780 leer
607 3730 682 3781 unu
696 3727 771 3814 por
788 3726 896 3807 otro.¹
909 3703 992 3784 Cur
1010 3705 1132 3808 igitur
1144 3733 1221 3787 'nos
1239 3707 1308 3784 du-

130 3811 273 3900 ¹bitere
291 3841 388 3897 non·
396 3841 602 3932 possumus
616 3869 632 3918 ,
655 3819 696 3900 in
715 3845 949 3922 marmore,
972 3820 1019 3904 de
1037 3847 1117 3931 quo
1142 3842 1307 3904 contro-

754 3936 791 4017 K
1167 3961 1252 4018 vcr-
