3244 4710
311 313 414 402 '204
493 327 819 396 FINESTRESIVS
858 329 1034 396 VINDIC.
1056 332 1087 394 ii
1117 329 1218 396 cnr:
1233 323 1336 394 XXV.
1370 361 1375 370 ·

308 501 345 544 .„
364 452 406 525 lo
420 474 495 554 qut
513 477 567 531 no
588 477 631 530 es
656 453 708 531 asi
731 485 739 530 :
760 477 852 561 puts
878 457 916 532 la
940 451 1169 562 separation
1196 451 1246 532 dt
1273 447 1476 532 dictiones

312 615 345 660 ,‚
364 568 515 643 senate
545 593 594 646 en
623 572 677 646 las
705 565 856 675 piedras
878 570 1055 668 anrigua's
1081 593 1155 676 por
1182 574 1218 646 el
1248 589 1371 674 punto
1391 599 1401 645 ε
1419 569 1476 644 las

308 729 346 773 .„
364 674 437 754 dos
469 679 507 760 ΙΙ
539 679 713 762 denotati
741 681 811 778 E,
849 707 973 763 tomo
1015 708 1243 763 conventen
1277 677 1478 788 repetidos

307 843 345 887 ,‚
363 799 606 902 egemplates
622 851 638 893 ,
669 796 682 872 i
713 823 762 874 en
791 821 866 876 una
892 797 1038 876 misma
1072 796 1206 902 piedra
1237 800 1282 874 lo
1310 787 1477 878 baliaris

308 956 346 1002 ,‚
360 909 588 1012 practicado
607 911 715 990 otho
728 935 839 990 vetes
854 937 900 988 en
917 909 1088 990 Gruteto
1101 920 1315 990 DCLVI.6.
1331 907 1387 986 DI
1394 904 1478 984 lIB.

306 1067 346 1114 φ,
364 1047 439 1127 por
456 1021 646 1104 DIEBus:
673 1025 794 1103 SllX.
810 1051 883 1132 pot
897 1025 1007 1104 SEX.
1024 1026 1115 1104 IlT.
1130 1049 1202 1130 por
1216 1018 1326 1118 ΕΓ,
1350 1023 1362 1098 i
1390 1041 1480 1099 esto

248 1219 261 1244 χ
309 1159 406 1228 „es
444 1140 488 1213 lo
525 1163 600 1242 que
640 1139 817 1237 significa
856 1165 907 1217 en
939 1161 1091 1220 nuestra
1117 1137 1253 1246 pitdta
1287 1137 1478 1215 servilius

262 1243 270 1254 ‘
309 1249 563 1344 „Mindot'tu
590 1251 659 1330 ET
691 1253 836 1331 Flavia
865 1273 937 1332 tet.
968 1253 1059 1333 tuio
1103 1254 1282 1358 perfeeto
1319 1246 1478 1328 senrido

314 1411 348 1459 ‚,
366 1365 552 1467 aquieta,
585 1366 598 1444 i
628 1391 785 1467 asegura
802 1423 817 1464 ‚
848 1393 922 1472 que
960 1364 1159 1446 habitndo
1186 1365 1260 1443 dos
1292 1387 1478 1470 personas

302 1525 348 1571 a»
367 1479 468 1554 sitve
486 1483 524 1556 la
542 1481 639 1558 cifra
657 1480 706 1558 de
734 1480 763 1558 E
786 1507 863 1588 pot
889 1487 928 1558 la
956 1481 1026 1560 ET
1057 1481 1280 1587 copulativa
1302 1485 1334 1526 “
1362 1477 1478 1556 Tunc

311 1613 403 1670 sent
421 1594 651 1672 confecisset
665 1594 891 1693 Florezius,
921 1595 952 1673 si
971 1594 1086 1672 nobis
1112 1619 1158 1671 ex
1185 1591 1355 1696 antiquis
1383 1607 1479 1668 nto*

315 1707 518 1798 nunrentis
542 1707 797 1806 ostendisset,
816 1711 988 1788 litteram
1005 1713 1062 1804 E,
1090 1727 1154 1784 aut
1178 1720 1211 1783 tt
1238 1707 1276 1785 11
1303 1702 1479 1810 usurpari

315 1845 393 1928 pro
410 1819 480 1900 ET
498 1855 507 1900 t
526 1849 629 1902 nunc
657 1844 812 1902 tanturn
840 1831 980 1930 probat
1009 1839 1044 1901 et
1070 1823 1109 1900 ΙΙ
1136 1823 1308 1927 usurpari
1335 1819 1477 1926 prolia

317 1933 386 2012 sed
416 1936 668 2039 probandum
697 1961 869 2042 superest
903 1941 1079 2016 litteram
1099 1936 1129 2013 E
1147 1934 1367 2031 significare
1395 1931 1479 2011 ET.

314 2049 513 2138 Statorius
541 2052 739 2146 Vrsatus,
766 2051 834 2154 qni
869 2055 984 2158 plena
1012 2063 1134 2128 manu
1165 2045 1336 2127 effundit
1365 2061 1480 2128 notas

318 2187 460 2240 omnes
484 2157 799 2270 compendiarias
830 2191 849 2242 a
880 2165 1075 2245 Romanis
1093 2163 1250 2240 usitatas
1266 2217 1281 2258 ,
1309 2161 1420 2240 affert
1447 2173 1481 2238 et

316 2275 400 2370 HT
415 2299 488 2384 pro
504 2279 601 2376 ET,
630 2304 713 2358 non
733 2291 886 2357 vero'tt
913 2280 964 2358 11.
989 2275 1118 2376 Quod
1145 2297 1278 2354 autent
1306 2277 1360 2354 ait
1386 2275 1480 2354 Flo-

320 2389 445 2469 rtzius
460 2425 469 2470 t
484 2417 579 2504 puer
604 2393 653 2476 la,
666 2397 885 2504 separation
903 2392 947 2470 de
969 2393 1157 2472 diceiones
1173 2420 1211 2470 se
1226 2385 1320 2468 hace
1346 2419 1392 2468 en
1416 2385 1482 2468 'lou¹

311 2505 469 2619 pfiedras
485 2512 669 2616 assignas
678 2533 751 2619 por
775 2508 812 2586 el
824 2529 976 2619 punto,
1001 2505 1042 2584 id
1058 2505 1378 2612 quidem‘verum
1398 2526 1479 2584 est:

320 2619 389 2714 sed
420 2643 540 2726 aeque
566 2622 689 2700 etiam
731 2641 788 2701 est
830 2643 983 2700 certum
1007 2663 1025 2718 5
1064 2618 1279 2724 aliquando
1310 2657 1326 2712 φ
1357 2618 1482 2698 Grae*

319 2759 409 2814 sam
425 2789 441 2831 ,
476 2756 515 2812 et
547 2739 673 2814 multa
703 2761 812 2842 saepe
836 2735 911 2814 alia
939 2734 1109 2842 posuisse
1136 2733 1347 2814 Romanos
1377 2731 1484 2811 divis
1603 2807 1604 2828 ,

319 2848 444 2928 sionis
469 2849 591 2947 signa.
641 2849 775 2948 Quare
808 2848 993 2929 nondum
1020 2850 1187 2954 liquet,
1218 2867 1258 2924 et
1287 2847 1483 2954 amplian-¹

321 2961 419 3052 dum
449 2987 609 3042 censeor
1013 3029 1014 3032 a

321 3129 326 3172 .·
380 3074 501 3154 Nova
534 3077 770 3157 refutatione
799 3099 883 3156 non
915 3073 1103 3178 indiget,
1140 3073 1250 3181 quod
1280 3071 1486 3153 Florezius
1603 3091 1604 3094 ‘

323 3190 379 3279 ,ait
408 3219 511 3268 num.
537 3203 609 3282 56.⁴
646 3187 787 3271 Omitir'
819 3195 1014 3270 Finestres
1052 3194 1089 3269 el
1121 3189 1194 3269 EX
1217 3194 1233 3286 3'
1260 3215 1331 3268 nec
1371 3187 1486 3294 quod

317 3305 468 3386 iterum
511 3335 663 3384 numero
701 3317 770 3386 62.
809 3331 925 3391 more
965 3331 1039 3390 suo¹
1072 3305 1242 3384 inculcat
1277 3304 1486 3382 Masiliatn·

318 3445 394 3526 pro
427 3419 589 3497 Masclia
619 3419 819 3527 positam,
851 3443 889 3497 et
921 3449 1109 3515 num.74.
1135 3419 1314 3497 tribuisse
1349 3418 1483 3495 Mura-

226 3561 229 3567 ·
318 3533 457 3628 tori0,
496 3532 605 3638 quod
640 3531 815 3612 Publium
840 3533 1031 3630 dixerit,
1065 3559 1188 3639 quum
1217 3535 1296 3612 ille.
1319 3529 1482 3610 dixisset

318 3644 540 3726 Publilium.
577 3649 705 3749 Quod
724 3669 855 3726 autem
883 3648 923 3726 in
949 3651 1097 3728 eodem
1123 3653 1218 3728 loeo
1236 3667 1346 3756 putat
1374 3647 1482 3724 litte·

319 3787 405 3844 ram
434 3762 474 3840 N
493 3763 711 3862 significare
740 3763 982 3844 Numerium
995 3819 1011 3861 ,
1043 3791 1125 3846 non
1140 3764 1322 3858 Aulum,
1350 3782 1486 3840 tesest‘

317 3875 361 3968 in
392 3877 628 3957 coniectura
651 3878 807 3986 posita,
839 3903 959 3984 quam
988 3905 1115 3990 neque
1145 3877 1376 3971 Florezius,
1414 3893 1491 3970 neg·

1350 4011 1425 4096 que
