3240 4688
302 331 306 340 .
396 274 576 348 VOLVM.
610 277 754 343 xxnln
782 277 894 344 mse.
925 276 1053 346 SACR.
1229 269 1321 346 1'29

153 408 186 510 3,
205 427 251 486 to
270 435 278 482 ε
299 407 336 484 tl
350 403 536 513 primero
556 407 621 482 eri
638 401 784 484 Oficial
801 429 821 482 a
839 406 1152 500 commentariis,
1177 407 1213 482 el
1229 425 1325 484 otro

152 517 455 624 ,‚·Tabulaerio.·
462 574 574 598 .....
605 519 685 598 Por
713 523 967 597 cementarios
1016 517 1228 598 entendian
1263 526 1325 600 los

150 689 183 734 „
201 636 411 740 Romanos
447 637 487 711 el
518 632 701 730 asiento,
730 659 804 740 que
836 659 877 712 se
906 631 1019 712 haria
1050 630 1100 710 de
1128 636 1189 710 las
1215 660 1323 714 cosas

139 783 182 848 ⁸„
200 775 249 828 en
267 747 508 858 compendio
525 804 540 844 ,
571 771 694 828 como
713 773 749 826 v.
767 773 805 849 g.
817 745 943 854 'quien
962 772 1068 853 ,que
1085 801 1100 842 ,
1128 745 1139 824 i
1160 747 1209 827 de
1228 775 1320 856 que,

149 916 184 964 ,‚,
199 868 274 942 &u
385 863 428 942 El
453 873 489 941 T
488 859 664 942 abulaerio
684 887 749 941 era
768 887 892 942 tomo
925 861 996 942 hoi
1024 865 1062 939 el
1091 854 1324 964 EseribanO,

151 1031 186 1078 „
205 1004 279 1088 que
298 977 418 1086 ponia
448 981 505 1068 las
531 1001 641 1056 cosas
675 975 924 1056 autorizudas
952 1003 1001 1056 en
1029 979 1084 1054 las
1115 981 1238 1056 tablas
1255 1005 1326 1088 pa-

152 1145 185 1192 „
208 1118 326 1199 taque
355 1091 528 1172 hiciesen
560 1089 631 1170 fe'e.
651 1091 807 1190 “Lege
837 1117 940 1171 nunc
970 1091 1249 1171 Finestresium
1277 1090 1325 1173 ad

142 1209 341 1309 nummo.
370 1207 473 1285 Clas·
505 1219 550 1287 V.
575 1205 642 1286 ubi
669 1207 766 1284 haec
802 1209 995 1314 reperies:
1028 1261 1060 1302 ,,
1092 1206 1237 1308 Legem
1272 1206 1324 1287 de

149 1374 184 1420 ‚‚
202 1320 391 1401 vicesima
421 1318 689 1398 hereditatum
723 1320 814 1398 tulit
846 1322 1044 1422 Augustus
1075 1345 1182 1398 anno
1208 1323 1258 1400 V.
1274 1320 1329 1402 Cu

143 1489 183 1532 u,
201 1463 249 1528 75
260 1464 297 1522 9·
320 1489 381 1516 ...
404 1455 445 1513 ut
475 1455 637 1514 testatur
666 1433 751 1512 Dio
778 1429 846 1514 lib.
875 1461 940 1526 55.
970 1457 1012 1514 ut
1046 1433 1203 1542 inopiae
1241 1436 1321 1514 mi·

149 1547 327 1648 „slitaris
341 1547 480 1630 aerarii
496 1548 656 1628 subveni
664 1571 750 1658 ret,
773 1576 823 1628 ne
837 1547 1046 1629 deficiente
1062 1550 1223 1657 pecunia
1239 1553 1319 1632 sol·

150 1663 340 1760 „vendis
363 1663 542 1743 militum
558 1663 764 1772 stipendiis
784 1689 844 1742 res
857 1689 979 1745 novas
998 1665 1040 1744 hi
1060 1665 1316 1748 molirentur:

150 1827 186 1874 2,
204 1776 271 1856 sed
288 1778 336 1858 de
353 1777 411 1859 his
432 1779 514 1858 iam
532 1779 629 1857 satis·
655 1777 749 1860 alibi
773 1775 925 1856 dictum
958 1777 1032 1856 fuit
1051 1806 1073 1874 3.
1093 1798 1133 1856 et
1152 1777 1318 1858 adnota-

149 1941 184 1988 2,
204 1913 291 1972 tum
308 1919 353 1975 ex
370 1919 544 2001 quorum
559 1892 846 1974 whereditatibus
858 1918 947 1984 ,non
966 1889 1316 1972 detrahereturvi-

149 2009 349 2115 „cesima
379 2064 401 2112 ,Ι
408 2063 537 2087 .....
572 2007 795 2108 Quodnam
826 2009 944 2086 fuerit
981 2032 1122 2088 munus
1149 2034 1171 2086 a
1203 2034 1317 2090 com·

147 2131 189 2220 ,ς
201 2120 408 2200 mentariis
426 2121 640 2199 vicesimae
659 2120 929 2200 whereditatum
947 2121 1170 2222 intelligere
1186 2149 1319 2230 possu-

141 2269 184 2332 t„
202 2257 290 2310 mus
303 2258 349 2310 ex
367 2233 594 2328 similibu5‚
626 2232 693 2339 qui
715 2245 738 2315 'a
760 2235 1068 2315 ¹commentariis
1087 2257 1199 2316 erant
1227 2231 1322 2318 alin·

149 2400 183 2446 ,‚
203 2357 299 2426 rum?
312 2373 457 2427 terum.
492 2347 604 2426 Nam
620 2357 744 2454 qu'um
764 2349 1061 2428 vcommentarii
1094 2348 1321 2432 dicerentur

150 2515 185 2562 ,‚
200 2460 389 2560 codices,
407 2463 449 2542 in
463 2487 563 2570 quos
578 2462 951 2545 memoriaecaussa
962 2519 978 2560 ,
1005 2491 1089 2544 non
1106 2468 1220 2571 plena
1236 2487 1321 2544 nar·

151 2578 357 2680 „tatione
392 2577 657 2658 coniiciuntur
696 2603 828 2656 rerum
865 2575 1022 2684 capita„
1057 2595 1097 2656 et
1125 2603 1318 2675 summam

152 2744 185 2792 2,
204 2691 295 2772 inde
314 2692 512 2798 quierant
530 2717 553 2768 a
571 2691 873 2772 commentariis
891 2692 1052 2772 alicuius
1069 2685 1319 2774 administro

151 2857 186 2906 „
204 2807 355 2904 tionis,
384 2804 583 2914 quidquid
614 2805 664 2884 ad
694 2831 784 2884 eam
811 2805 1057 2914 pertinebat,
1089 2807 1324 2900 summatim

148 2968 188 3017 »,,
208 2919 448 3002 adnotabant
464 2951 484 3016 ς.
505 2919 685 3026 adeoque
705 2919 951 3029 Praepositus
973 2947 996 3000 a
1021 2923 1325 3004 commentariis

154 3085 188 3134 „
206 3034 305 3112 XX.
322 3035 588 3114 hereditatum
606 3033 743 3114 debuit
762 3036 935 3116 breviter
954 3036 1097 3116 litteris
1116 3039 1319 3138 consigna·

154 3201 187 3252 ‚,
207 3175 275 3246 re,
303 3173 475 3254 quorum
498 3149 777 3229 defunctorum
798 3150 1036 3230 hereditates
1061 3151 1219 3252 aditae,
1250 3149 1320 3226 ad-

155 3313 188 3360 „
206 3265 355 3372 scripto
374 3263 439 3342 die
449 3319 465 3360 ‚
484 3285 522 3342 ot
535 3263 800 3361 nominibus,
824 3284 910 3342 tum
926 3253 1077 3344 mortui
1093 3319 1109 3360 ,
1135 3287 1219 3342 tum
1235 3286 1322 3348 sue·

156 3427 189 3473 ‚‚
208 3379 370 3458 cessoris
381 3435 396 3477 ,
413 3401 452 3458 et
470 3399 609 3458 notata
625 3383 843 3484 quantitate
859 3383 1060 3473 bonorum
1082 3431 1142 3456 ...
1159 3435 1169 3456 .
1195 3375 1321 3458 Aliud

155 3544 189 3589 2,
209 3519 350 3574 munus
382 3507 466 3572 erat
504 3493 717 3578 Tabnlnrii¹
749 3494 848 3572 XX.
884 3491 1150 3572 hereditatum
1179 3549 1193 3589 ,
1224 3513 1318 3602 quo

156 3657 190 3702 2,
211 3608 376 3686 nomine
407 3607 579 3687 donatur
614 3605 753 3687 Felicis
785 3607 1015 3688 collibertus
1047 3609 1218 3690 Hilarus.
1242 3606 1322 3688 nd

157 3773 191 3819 „
211 3723 313 3830 hune
341 3723 541 3828 siquidem
572 3709 727 3802 uidetur
745 3722 1001 3829 pertinuisse,
1032 3723 1075 3802 in
1103 3727 1250 3804 tubulas
1267 3745 1321 3800 te·
1394 3807 1396 3812 ,

153 3877 192 3948 =„
211 3840 312 3944 ferre
330 3835 544 3949 pecuniam.
557 3839 865 3931 abtxactoribus
885 3839 1094 3922 vicesimae
1121 3835 1320 3924 hereditee

303 3983 309 4011 ²
737 3952 777 4035 R
1134 3973 1268 4059 trium
