3240 4688
332 257 425 322 110
516 257 844 340 aruasraa'strs
865 247 1041 338 maore.
1061 269 1091 338 a
1110 269 1210 336 cnr.
1227 267 1337 339 avar.

328 397 427 476 riter
447 395 657 478 Afroniam
675 395 894 476 Procillam
920 393 1098 476 Cerealis
1114 415 1178 474 aut
1197 393 1369 476 Cerialis
1385 397 1507 480 liber«

324 533 409 592 tam
430 511 634 609 exstitisse.
665 512 728 592 Sic
745 511 858 590 eninr
884 511 964 590 'sibi
995 514 1232 614 constabunt
1254 520 1424 612 omnia,
1456 538 1496 601 er

323 625 549 708 videbimus
579 647 720 705 noram
748 625 1092 736 compendiariam
1112 626 1386 708 libertinitatis
1404 651 1496 742 post

324 763 541 852 patronum
559 741 782 822 indicarum
800 795 816 838 ,
847 763 889 818 ut
908 739 1033 818 moris
1051 761 1138 837 cst,
1169 761 1210 818 et
1227 765 1317 820 anre
1338 769 1495 846 cogno,

323 883 421 938 men
452 857 570 964 ipsius
597 855 732 964 liberti
763 853 1058 963 positamrnec
1089 853 1334 938 deducemur
1365 859 1420 938 ita
1449 861 1494 946 in
1527 960 1530 964 p
1613 933 1614 942 ι

324 969 428 1050 illud
454 969 663 1052 absurdum
678 1025 692 1066 ,
725 953 768 1048 i'n
802 968 913 1075 quod
946 968 1087 1048 incidit
1106 970 1364 1069 Historicus,
1392 973 1494 1060 dum

324 1087 460 1166 servili
479 1085 647 1180 nomine
675 1083 872 1185 designari
893 1090 977 1164 vult
1004 1105 1218 1192 patronum
1245 1087 1288 1166 L.
1315 1087 1493 1186 Afranii.
1525 1103 1535 1121 ⁴

323 1199 446 1298 Nihil
459 1205 576 1281 habet
593 1207 691 1302 ergo
709 1191 959 1280 fundamenti
974 1199 1176 1278 Florezius
1205 1201 1248 1280 in
1267 1203 1346 1282 hoc
1374 1209 1491 1305 loco,
1511 1197 1514 1204 ’

322 1341 406 1422 quo
438 1341 477 1396 se
508 1322 667 1428 putabat
698 1341 878 1423 premere
906 1315 1213 1410 Fine‘stresium3
1245 1341 1491 1425 quamquam
1525 1311 1530 1322 '

321 1434 406 1537 non
439 1429 591 1518 idcirco
625 1430 884 1508 dimoveora
916 1429 1108 1524 sententia
1125 1483 1141 1526 ,
1173 1429 1215 1506 in
1238 1457 1356 1536 quam
1377 1449 1490 1542 antea
1520 1434 1526 1450 ¹

322 1544 536 1642 inclinavi,
552 1543 601 1622 de
616 1544 860 1643 cognomine
878 1545 1055 1622 Cerealis.
1069 1545 1227 1652 ¹Lector
1255 1566 1387 1626 aurem
1404 1544 1488 1630 iam

322 1683 427 1740 nunc
466 1657 786 1754 animadvertat,
816 1661 945 1736 solere
976 1659 1177 1755 titubare,
1215 1679 1330 1766 atque
1363 1663 1490 1748 etiam

322 1775 403 1854 labi
422 1774 692 1870 'Florczium,
720 1772 785 1852 ubi
822 1770 1006 1852 nondum
1029 1772 1306 1856 aFinestrcsio
1330 1778 1490 1882 tritum,

324 1891 393 1990 (r)
415 1909 454 1968 et
474 1893 726 1996 explanatum
745 1888 823 1964 iter
844 1887 1010 1983 invenit.
1040 1887 1159 1968 Nunc
1187 1901 1284 1970 'vero
1313 1907 1487 1974 reverta·
1512 1899 1518 1912 “’
1614 1891 1615 1958 l

322 2027 416 2081 mur
429 2001 477 2080 ad
494 2002 825 2109 inscriptionem,
840 1998 889 2079 de
902 2027 978 2107 qua
993 2022 1106 2082 antea
1123 2010 1346 2103 agebamus.
1361 2005 1488 2106 Quod
1610 2065 1615 2084 .,

321 2116 627 2196 ait-Historicus
657 2145 761 2196 num.
780 2143 883 2214 51·‚
911 2118 957 2195 ¹in
988 2117 1100 2196 versu
1135 2145 1248 2200 nono
1283 2121 1390 2202 illins
1423 2123 1488 2202 in-

316 2231 544 2340 scriptionis
561 2229 774 2334 legendum
793 2256 874 2309 esse
891 2231 943 2322 A.
961 2231 1012 2312 T.
1034 2231 1165 2341 posita
1184 2234 1286 2314 inter
1300 2235 1427 2316 unam
1447 2258 1488 2337 et

320 2351 489 2426 alteram
519 2348 698 2426 litteram
731 2345 1089 2454 interpunctione,
1117 2348 1158 2426 in
1187 2351 1266 2432 hoc
1288 2377 1371 2430 non
1401 2372 1488 2439 tana
1615 2435 1616 2444 Ν

323 2454 610 2571 reprehendere
640 2462 952 2560 Finestresium,
970 2467 1103 2569 squam
1136 2467 1324 2566 gratulari
1351 2468 1487 2554 Florae
1525 2465 1528 2472 ’

320 2578 387 2657 zio
412 2575 627 2676 debemus,
657 2575 768 2684 quod
791 2603 877 2656 casu
896 2576 1073 2684 quodam
1106 2577 1293 2658 inciderit
1321 2583 1363 2660 in
1391 2609 1487 2692 apo·
1614 2619 1616 2640 ι

319 2698 514 2802 graphum
528 2713 729 2773 exaratum
746 2691 899 2789 fidelius
908 2749 924 2792 ,
941 2719 1060 2800 quam
1074 2691 1183 2798 quod
1200 2695 1367 2774 babebat
1383 2699 1487 2789 G'ru's
1615 2689 1616 2700 Ν

322 2829 441 2886 tetus.
497 2829 500 2836 ·
866 2871 879 2906 ,
1243 2827 1245 2830 ’

378 2920 496 3000 Nihil
513 2941 571 2996 est
587 2943 742 2998 necesse
761 2918 893 3005 dicere
909 2917 1074 3028 derium.
1093 2947 1156 3012 52.
1176 2943 1273 3025 quae
1300 2925 1485 3010 enimad

319 3037 425 3115 hunc
443 3038 581 3112 locum
608 3033 839 3142 pertinent,
872 3055 1061 3142 occupata
1090 3035 1171 3114 iam
1204 3041 1292 3116 sunt
1311 3067 1332 3120 a
1350 3043 1483 3141 abbir,

318 3174 442 3264 quum
462 3152 669 3249 agebamus
688 3147 736 3228 de
758 3177 861 3228 rrum.
882 3157 945 3229 1'6.
960 3157 1040 3262 rap.
1055 3151 1350 3235 Xll.'Grad'um
1364 3157 1483 3236 facia·-

316 3293 407 3348 mus
429 3261 490 3346 'ad'
510 3263 745 3345 immediate
774 3266 1006 3372 proximum
1038 3295 1142 3346 num.
1174 3295 1237 3360 53·
1261 3271 1326 3348 ubi
1342 3272 1483 3400 'posita'

318 3377 581 3490 inscriptione
601 3437 617 3479 ,
651 3407 748 3487 quae
767 3379 813 3459 C.
836 3381 963 3460 Vibio
987 3381 1183 3462 Porciano
1210 3384 1385 3484 Quintro
1406 3388 1483 3470 lta·

318 3499 467 3576 liciano
483 3495 717 3575 Libisosano
735 3493 915 3575 dedicata
929 3497 1004 3575 fuit
1019 3551 1033 3592 ,
1049 3496 1326 3587 ¹Florezius-ait
1341 3531 1350 3580 ι
1368 3557 1400 3599 ,,
1414 3501 1481 3586 Esae

315 3634 406 3724 „te
423 3625 465 3709 C,
481 3607 594 3695 Vihio
608 3616 790 3695 Porciano
809 3614 983 3718 ,Quintio
999 3611 1104 3690 tenia
1124 3637 1203 3722 por
1223 3615 1371 3694 ultimo
1388 3633 1481 3726 apes

1210 3852 1213 3858 Ι
1264 3730 1420 3847 „uro
1471 3834 1474 3841 ,

327 3934 1018 3962 manuum—un·-
1321 3937 1478 3970 ιιι-..ῃ
1504 3907 1505 3910 ¹

356 3999 409 4079 (t)
424 4013 427 4016 ·
440 3991 562 4059 'Clarius
573 3992 602 4055 id
616 3993 736 4078 liquebit
751 4013 785 4056 ex
800 3991 966 4056 Finestresio
976 3990 1117 4058 vindicato
1128 4015 1145 4055 a
1155 3999 1320 4074 tap.XX11.
1337 4017 1416 4063 num.
1428 4021 1444 4082 3
1448 4020 1476 4082 ς.
