3240 4688
301 314 388 437 ‘84
491 343 1282 424 33333333333333131333.1133133331.

302 559 305 566 ,
319 502 524 581 gnomen,
537 481 645 587 quod
661 509 683 562 3
697 482 896 564 Romanis
912 487 1015 562 solet
1028 483 1180 584 integra
1194 480 1374 561 dictione
1388 509 1478 591 pro·
1597 503 1598 524 ³

281 651 285 657 ·
321 595 429 676 fetri.
455 593 658 676 Praeterea
687 599 741 676 ait
763 598 1012 695 florezius„
1035 594 1187 686 Estimd
1210 600 1290 674 313
1314 621 1478 700 muger,
1589 701 1593 708 ¹

318 765 350 808 ,,
367 735 517 816 potque
540 737 605 790 333
623 717 794 824 optima,
822 713 835 789 i
857 717 998 791 estole
1022 711 1160 791 1130316
1183 737 1204 790 3
1225 733 1477 819 perpetuata

317 867 350 922 5,
368 849 411 901 su
432 847 540 905 costa
558 829 595 905 la
617 827 817 906 memoria
835 825 1109 906 ofteciendola
1131 855 1152 905 a
1172 827 1195 919 J
1201 851 1292 906 uno.
1302 834 1343 882 ·“
1357 827 1477 908 Nihil

319 939 559 1044 frequentius
589 965 647 1020 est
676 943 717 1020 in
744 942 939 1023 Romanis
972 941 1322 1048 inscriptionibus,
1353 969 1475 1049 quam

318 1055 518 1160 optimas,
546 1060 642 1134 bene
665 1081 888 1153 metentes,
917 1058 1137 1139 carissimas
1164 1057 1350 1164 appellari
1379 1055 1475 1144 30334,

317 1171 425 1269 luges
438 1194 566 1274 ‚quas
586 1171 731 1251 alicubi
745 1171 902 1251 videbis
917 1173 1041 1250 3313111
1059 1171 1323 1250 sanctissimas
1341 1175 1476 1280 appel-

318 1285 406 1363 lari.
436 1285 569 1384 Quare
597 1310 680 1366 non
703 1288 890 1366 33331103
912 1284 1100 1394 peculiari
1127 1284 1474 1366 animadversione

310 1400 509 1497 dignum,
536 1423 600 1478 aut
629 1399 852 1499 generatim
881 1397 1203 1508 praecipiendum
1234 1421 1328 1477 crat.
1364 1400 1475 1480 Tan-

315 1514 408 1592 dem
427 1516 632 1592 concludit
651 1516 857 1594 Henricus.
882 1567 913 1611 „
932 1515 1003 1590 No
1023 1513 1127 1591 tiene
1149 1531 1274 1620 punto
1293 1513 1472 1613 ninguno

311 1659 345 1726 ,,
365 1633 403 1705 13
425 1626 557 1734 piedra
575 1629 624 1708 de
641 1633 777 1735 loque
796 1626 930 1707 infiniti
950 1628 1141 1707 Finestres
1165 1652 1226 1704 ser
1242 1625 1293 1706 de
1313 1631 1365 1706 133
1385 1655 1473 1708 11133

312 1791 346 1842 ,,
364 1746 552 1846 antiguas.
574 1752 609 1798 ‘⁶
634 1742 744 1825 Haec
773 1766 896 1851 quum
926 1745 1110 1823 Lectores
1140 1740 1330 1839 videant,
1358 1765 1472 1850 puta·

314 1863 412 1936 bunt
435 1859 601 1940 candide
623 1861 788 1968 quidem
811 1881 851 1937 et
883 1859 1079 1958 ingenue,
1110 1855 1220 1962 quod
1250 1857 1332 1935 13131
1358 1879 1472 1938 antea

312 1971 487 2050 indicavi
501 2029 515 2070 ‚
544 1999 564 2051 3
586 1977 772 2054 Florczio
797 1974 916 2052 tribui
944 1972 1210 2070 Finesttesio,
1237 1995 1335 2077 quae
1361 1969 1472 2050 istius

310 2089 473 2194 proptia
489 2111 600 2187 sunt,
618 2090 729 2196 quod
745 2097 866 2188 longe
888 2087 1001 2166 aliter
1020 2087 1164 2166 evenit.
1186 2087 1470 2194 Interpretatio

312 2203 384 2280 1113
404 2203 627 2284 litteratum
646 2206 690 2288 H
713 2206 817 2302 ME,
845 2229 942 2310 quoe
968 2227 1048 2282 non
1073 2223 1129 2280 est
1153 2223 1259 2280 cette
1283 2219 1470 2279 contem·

308 2317 461 2396 nendi
451 2321 599 2421 ingenii
610 2370 624 2418 ,
648 2319 872 2414 excudens
879 2337 1039 2398 auctore
1060 2314 1470 2406 3113311333133033011114,

310 2457 361 2516 nc
379 2432 613 2541 deprompta
639 2435 737 2514 fuit:
761 2455 802 2513 33
817 2455 972 2543 praeter
994 2433 1230 2529 innumera,
1246 2423 1472 2536 3333311333·

310 2573 432 2654 usque
452 2551 686 2649 retulimus,
711 2570 914 2680 supersunt
934 2553 1033 2629 bene
1056 2552 1211 2642 multo,
1239 2565 1376 2650 quous
1394 2567 1470 2630 no·,

308 2663 369 2742 bis
382 2717 398 2760 ‚
426 2665 618 2770 quoniam
644 2668 745 2746 11333
773 2661 1025 2776 provinciam¹
1051 2659 1316 2768 suscepimus,
1342 2657 1469 2740 mini«.

307 2805 375 2858 sne
403 2779 681 2884 praetereundo
709 2802 810 2860 sunt.

313 2893 451 2992 Qui
476 2893 645 3026 singulus
667 2895 863 2975 litterulas
883 2911 1018 2969 amant
1041 2883 1243 2967 fastidiose
1244 2881 1467 3004 persequi,

303 3002 338 3084 ’11
354 3031 541 3137 qupesant
561 3012 756 3104 otiosius,
774 3006 878 3088 unde
900 3002 1016 3083 ducta
1029 3004 1087 3083 sit
1109 2993 1322 3110 appellatio
1341 2998 1465 3083 Cama

304 3123 471 3253 postris,
506 3151 625 3231 quam
655 3121 787 3204 Marti
811 3121 1012 3200 tributam
1032 3115 1255 3198 videmus
1242 3142 1287 3196 311
1321 3116 1465 3198 133311

304 3240 474 3364 ptionp,
500 3267 619 3347 quam
650 3236 851 3316 florezius
877 3235 994 3318 ¹affert
1019 3244 1185 3314 num.6.
1222 3231 1255 3310 11
1286 3228 1468 3312 viderint

305 3356 355 3444 311
388 3357 513 3455 magis
546 3353 660 3490 ipsis
657 3351 840 3435 arrideat
873 3351 1015 3458 opinio
1049 3346 1252 3445 Florezii,
1280 3371 1329 3425 an
1360 3365 1465 3424 vero·

282 3459 575 3550 ¹Finestresii
556 3501 598 3550 m
628 3471 733 3550 clus.
761 3483 796 3545 Ι.
830 3487 932 3546 num.
965 3495 1027 3562 15.
1061 3463 1145 3567 Ego
1176 3401 1362 3543 1101033
1371 3461 1462 3546 hou

302 3588 400 3681 loco
428 3585 697 3682 contendere,
724 3605 763 3663 et
788 3582 947 3662 Lectori
975 3581 1228 3709 relinquens,
1255 3595 1298 3652 ut
1327 3593 1463 3658 33333333·

304 3703 494 3786 arbitratu
525 3727 624 3800 suo,
655 3721 823 3780 tantum
836 3696 965 3804 posita
991 3696 1175 3801 ptitnutu
1195 3691 1461 3798 inscriptione

301 3814 526 3901 Elorezium
555 3841 647 3897 cum
670 3812 908 3893 Finestsesio
933 3812 1170 3907 conferam,
1190 3825 1240 3884 33
1261 3804 1460 3882 facillimo

299 3935 524 4042 perspicere
547 3931 771 4044 possimus,
801 3923 1013 4110 quidiste
1026 3923 1106 4003 sibi
1129 3918 1343 4004 3133113333
1350 3929 1463 4044 poss⁴

1334 4031 1397 4111 313.
