3240 4688
321 236 325 246 ·
373 215 560 284 votvm.
583 215 729 282 xnttu.
752 211 864 282 insu
883 217 1011 283 sncn.
1221 173 1279 266 81·

131 340 193 446 gis
208 340 455 450 propendeo.
481 343 547 422 Ne
569 368 635 420 me
656 367 754 422 vcro
775 362 930 450 premat
953 337 1081 439 illud,
1109 339 1218 448 quod
1241 339 1288 422 e'x

132 456 326 558 Foguetio
344 461 463 538 refert
474 457 652 565 Scriptor
665 457 878 566 Hispaniae
891 457 1046 552 Sacrae,
1063 475 1215 563 praeter
1228 453 1298 552 id,·

132 569 244 680 quod
270 571 353 650 iam
378 594 491 678 antea
520 572 852 669 indicatumest,
879 572 956 650 alia
977 595 1018 648 se
1045 568 1145 648 mihi
1170 567 1290 647 offert

133 685 250 768 huius
267 685 364 764 nodi
384 687 630 792 dissolvendi
650 687 787 786 ratio,
813 687 855 764 in
877 709 998 792 quam
1022 683 1148 784 magis
1170 681 1297 762 inem·

132 821 201 882 nat
228 800 395 880 animus.
422 803 567 880 Dicam
598 800 785 882 videlicet
813 821 1152 895 monumentum,
1181 793 1293 903 quod

134 915 344 1018 Foguetius
372 913 599 996 Tarracone
627 915 861 1024 descripsit,
889 915 1091 994 diversum
1117 937 1156 991 et
1183 907 1299 990 aliud*

134 1055 215 1108 csse
240 1033 294 1110 ‚ab
325 1054 407 1126 eo,
440 1031 549 1137 quod
582 1030 769 1110 Gruterus
796 1030 928 1138 posuit
949 1053 1040 1141 pag.
1068 1037 1294 1104 LXXXIII.

135 1173 240 1226 num.
256 1151 294 1224 6.
316 1165 594 1250 contraquam
614 1166 783 1224 statuere
803 1143 959 1225 videtur
977 1141 1189 1221 Florczius.
1216 1137 1300 1218 Pri-

134 1283 261 1338 mum.
278 1256 422 1356 enim,
448 1260 523 1338 nisi
550 1261 630 1340 hoc
659 1258 858 1356 dicimus,
890 1261 1043 1337 nullam
1071 1256 1300 1336 invenimus

136 1372 246 1454 viam
273 1372 475 1454 tollendae
497 1360 741 1454 difficultatis
765 1393 879 1452 antea
905 1371 1154 1481 propositae:
1184 1368 1297 1446 deins
1336 1469 1358 1480 .,

138 1485 188 1564 de
211 1485 326 1566 valde
348 1488 641 1570 variata-video
667 1489 844 1568 nomina·
861 1488 902 1566 in
927 1485 988 1566 his
1017 1483 1304 1566 marmoribus·

137 1601 287 1681 Mulier
310 1601 451 1698 enim,
474 1603 517 1681 in
539 1603 646 1684 cuius
671 1605 874 1684 honorem
895 1617 937 1680 et
961 1600 1205 1680 memoriam
1228 1622 1301 1703 po·

139 1715 263 1794 situm
281 1737 337 1824 est
353 1718 431 1797 hoe
449 1739 762 1798 monumentum
776 1716 957 1824 ‚dicitur
972 1743 993 1794 a
1009 1713 1180 1792 Grutero
1197 1714 1300 1788 Cloe-

140 1829 200 1907 lia
215 1826 357 1909 sabina
376 1833 611 1944 Cloelifilia3
640 1831 681 1912 in
701 1831 831 1940 lapide
849 1857 870 1910 a
888 1829 1204 1937 praeclarissimo
1225 1825 1304 1904 fo·
1342 1835 1344 1840 '

138 1944 276 2044 guetio
293 1943 518 2054 descripto,
530 1953 599 2048 (ut
617 1947 752 2026 videre
769 1947 866 2026 licet
886 1947 926 2024 in
943 1948 1024 2024 hoe
1041 1941 1188 2022 eodem
1203 1943 1302 2020 loco

50 2106 51 2158 ;
140 2058 312 2164 Florezii
327 2065 340 2159 )
356 2059 500 2140 dicitur
517 2065 625 2142 Iulia
640 2057 807 2155 Sabina,
822 2060 1019 2138 neccuius
1036 2057 1185 2135 sitfilia
1194 2110 1210 2150 ,
1222 2081 1307 2166 mog
1330 2055 1332 2060 ’

140 2191 353 2250 motatur:
388 2197 486 2276 quae
524 2173 721 2254 dedicavit
748 2177 833 2280 hoc
859 2173 1171 2252 monumentum
1197 2165 1328 2274 apud·

144 2289 360 2365 Gruterum
387 2305 445 2364 est
473 2283 640 2366 obstana
653 2342 669 2383 ,
697 2313 794 2393 quae
821 2291 867 2366 ab
894 2286 982 2364 aliis
1009 2281 1175 2362 obsiana
1202 2282 1303 2360 dici-

143 2421 234 2496 tur3
267 2397 310 2478 in
333 2399 464 2508 lapide
491 2422 614 2507 nuper
640 2400 843 2510 'descripto
874 2399 1132 2480 aCanonico
1158 2397 1304 2476 Tarra-

146 2515 307 2594 conensi
332 2516 470 2594 Clodia
486 2520 632 2600 osiana
647 2539 717 2596 est.
739 2517 853 2619 Quid
873 2525 983 2617 ergo*
992 2535 1098 2592 vetat
1123 2535 1307 2603 asserere,

145 2653 459 2711 monumentum
483 2657 504 2710 a
527 2630 719 2730 Foguetio
743 2623 983 2738 descriptum
1004 2630 1205 2707 diversum
1226 2648 1310 2703 csse

147 2746 194 2821 ab
212 2769 262 2821 eo
271 2799 286 2840 ,
307 2745 417 2850 quod
433 2745 625 2826 Gruterus·
638 2747 772 2854 posuit
782 2771 873 2858 pag.
887 2751 1109 2824 lienum.
1126 2753 1164 2824 6.
1184 2761 1309 2845 quum

146 2854 303 2934 diversa
322 2857 527 2944 videamus
545 2882 625 2939 esse
642 2863 813 2940 nomina
830 2859 1050 2940 dedicantis
1068 2879 1309 2936 monumen·

148 2991 268 3066 tum,
299 2991 338 3045 et
369 2998 555 3076 personae
588 2975 631 3054 in
667 2977 776 3058 cuius
806 2976 1050 3054 memoriam
1081 2971 1309 3052 dedicatum

150 3104 228 3163 est:
249 3103 364 3188 atque
381 3085 481 3164 adeo
497 3088 598 3168 nihil
615 3109 766 3194 premet
781 3089 1085 3168 Ceruariensem
1101 3083 1315 3166 Academi·

153 3227 274 3295 cum,
298 3199 408 3304 quod
430 3201 606 3307 Scriptor
624 3202 835 3310 Hispaniae
853 3205 988 3298 Sacrae
1017 3203 1198 3280 adversus
1220 3219 1311 3272 eum

152 3336 265 3416 urget
283 3313 324 3394 ila
341 3314 508 3396 laudato
525 3319 634 3396 loco.
662 3319 868 3400 Nolumus
890 3338 1023 3398 atnem
1040 3313 1211 3394 mesiae
1234 3313 1314 3391 lau-2
1372 3317 1379 3328 ”

153 3430 317 3510 datione
359 3430 573 3536 praeterire
592 3432 708 3511 «Don
740 3429 1033 3535 Raymundunt
1062 3424 1317 3534 Foguetiunh

155 3568 278 3649 quem
292 3615 295 3623 ,
308 3545 531 3630 excellenti,
547 3544 772 3652 praeditum
804 3547 1014 3645 ingenim,-
1034 3567 1086 3628 cr,
1108 3541 1316 3627 sudantem

156 3659 241 3737 iam
256 3661 414 3740 ‘multos
435 3675 564 3738 anuos?
577 3660 902 3766 inAlniquiratis
924 3661 1087 3742 scientia
1110 3678 1316 3764 tamquam
1341 3711 1345 3722 -

159 3770 476 3888 eruditissimum
498 3773 631 3858 uirum
653 3795 692 3858 et
714 3775 994 3970 docpssimum
1015 3776 1185 3858 colimus
1204 3803 1214 3866 3
1236 3764 1318 3872 mif

227 3929 229 3936 ·
1145 3888 1263 3993 hique
