3240 4688
333 281 339 296 .
374 238 554 308 votvm.
582 237 725 304 ιιιιιιιι.
753 204 1020 303 ursn'saen.
1234 213 1272 300 6
1278 227 1300 318 3

143 359 278 450 Cinna
295 357 386 467 ,an
410 357 572 444 tandem
597 359 738 469 aliquis
759 359 936 442 Cicero:
965 385 1064 468 quae
1088 385 1179 442 cum
1204 351 1303 447 ferri

144 482 417 592 nonpossint,
437 500 554 560 restat
568 480 751 588 profecto
769 497 810 556 ut
827 475 1004 556 dicamus
1014 477 1131 573 ,illas
1149 479 1303 560 litteras

144 597 215 679 ct.
226 593 493 678 emendandas
507 619 587 674 esse
602 595 644 672 in
658 591 759 672 C.L.
774 613 817 672 ut
830 591 1053 693 significent
1067 595 1111 672 L.
1123 591 1301 676 Tadium

143 711 259 794 fuisse
282 709 372 788 Caii
395 710 622 788 Libertum:
656 705 765 814 quod
792 706 944 786 nemini
972 707 1117 786 durum
1144 727 1183 784 et
1211 707 1302 788 vio·

23 887 29 898 1
144 833 301 912 lentum
315 821 669 920 videbitur,modo
688 843 835 902 attente
854 822 1093 920 consideret,
1108 821 1148 900 in
1167 821 1305 900 inseri*

144 942 286 1051 ptione
311 942 375 1034 87.
393 939 498 1016 clas.
515 949 585 1018 VJ.
609 935 708 1016 duos
732 935 893 1044 reperiri
915 933 1096 1035 Tadios,
1128 961 1308 1042 quorum

146 1060 246 1134 alter
264 1053 346 1132 sine
370 1056 451 1132 ulla
468 1049 767 1148 controversia,
791 1055 890 1130 alter
912 1077 1010 1129 vero
1025 1075 1128 1132 cum
1151 1055 1304 1154 gravis-

146 1170 253 1247 simo
272 1166 534 1252 fundamento
550 1166 715 1246 libertus
731 1163 878 1242 dicitur
888 1196 898 1260 3
913 1185 953 1242 et
969 1185 1168 1272 praeterea
1186 1167 1307 1268 cogi-z

145 1303 204 1362 tet
220 1281 473 1390 proclivem,
499 1301 539 1359 et
556 1279 671 1358 valde
693 1279 854 1358 facilem
872 1304 1052 1358 errorem
1076 1279 1307 1360 describen-

148 1395 199 1478 tis
220 1399 250 1476 Ι.
265 1421 340 1505 pro
356 1396 430 1494 L.,
447 1393 555 1502 quod
575 1394 658 1474 fieri
676 1393 808 1501 potuit
829 1413 894 1472 aut
912 1393 1021 1472 istius
1043 1394 1306 1496 negligentia,-

147 1533 211 1592 aut
229 1529 493 1618 praeocnpato
511 1510 677 1606 animo,
695 1511 758 1586 vel
777 1507 868 1614 quia
887 1509 1036 1588 lineola
1057 1509 1098 1587 in
1116 1509 1199 1586 ima
1217 1525 1306 1618 pat-

146 1646 186 1704 te
205 1627 313 1704 illius
330 1627 484 1703 litterae
501 1651 584 1704 non
597 1644 695 1702 esset
713 1621 908 1730 profunde
926 1644 1107 1721 exarata,
1126 1627 1186 1704 vel
1208 1624 1308 1730 quia·

148 1739 231 1817 iarn
250 1759 438 1819 vetustate
456 1759 716 1818 evanesceret.

158 1895 162 1902 ·
205 1853 312 1934 Haec
335 1850 498 1961 quidem
528 1851 665 1932 omnia
689 1848 900 1951 diligenter
929 1875 1005 1952 ego
1029 1847 1301 1950 considerans,

148 1969 239 2046 satis
261 1991 366 2050 certe
388 1967 527 2046 mirati
549 1993 633 2046 non
656 1991 843 2072 possum,
872 1991 940 2044 cut
958 1967 1158 2046 Flotezius
1178 1967 1218 2044 in
1246 1969 1308 2044 al·
1364 2035 1368 2047 .

148 2103 238 2159 tero
264 2080 399 2159 exhis
425 2107 448 2157 a
478 2105 542 2156 me
569 2077 736 2159 laudatis
760 2077 861 2154 locis
892 2076 997 2156 dicat
1023 2080 1310 2162 Finestresium·

147 2193 264 2273 fuisse
288 2190 520 2298 deceptum,
547 2191 589 2269 in
619 2194 746 2269 altero
771 2193 928 2270 nullum
954 2192 1130 2272 habuisse
1160 2192 1308 2274 funda-

150 2329 359 2386 mentum:
378 2305 609 2412 pracsertim
627 2329 750 2412 quum
769 2307 841 2384 iste
863 2327 1000 2386 auctor
1016 2331 1062 2384 ea
1080 2331 1172 2386 cum
1191 2332 1304 2412 saepe

147 2421 269 2518 alias,
292 2441 378 2497 rum
403 2419 443 2498 in
465 2421 544 2500 hoc
566 2423 661 2498 loco
682 2441 812 2502 utatur
838 2422 1117 2502 moderatione
1141 2418 1308 2500 dicendi·

146 2533 402 2630 incredibili,
422 2559 522 2640 quae
543 2533 704 2642 proptia
728 2535 849 2644 ipsius
872 2556 929 2615 est
941 2591 957 2634 ,
982 2556 1022 2614 ct
1050 2535 1163 2614 huius
1187 2533 1303 2635 argu-

138 2649 289 2728 menti.
315 2654 361 2728 Si
376 2643 471 2728 baec
486 2677 559 2728 non
569 2649 758 2760 placent,
782 2649 940 2758 inquit,
967 2649 1097 2728 dicam
1118 2655 1201 2729 sine
1225 2677 1317 2750 ant-2

148 2757 334 2872 bagibus,
352 2793 483 2844 nomen
503 2769 588 2843 viri
598 2765 731 2868 fuisse
749 2766 935 2866 Similrx,
957 2787 996 2846 et
1012 2769 1055 2844 in
1076 2769 1191 2845 tertio
1211 2758 1309 2848 ansa

147 2879 328 2952 Similici.
354 2879 574 2986 Nunquam
596 2877 846 2960 Finesrresius
867 2884 1015 2962 clausas
1035 2880 1172 2968 habuit
1195 2905 1313 2962 aures

145 2987 336 3086 veritati,
362 3015 434 3069 nec
455 3012 607 3072 tanturn
631 2994 705 3074 sibi
723 2995 899 3103 placuit,
924 3015 967 3077 ut
991 2999 1112 3074 vellet
1136 3021 1182 3075 ea
1204 3022 1310 3104 quae-

149 3100 308 3183 dixisset
317 3159 332 3200 ,
347 3123 453 3182 certa
468 3125 508 3182 ct
526 3107 601 3182 fixa
622 3127 748 3186 essent
771 3130 976 3216 tamquam
994 3111 1126 3214 Pythii
1144 3110 1306 3218 Apolli-

149 3218 210 3297 nis
236 3221 419 3300 oracula:
445 3217 667 3326 probabilia
687 3241 731 3298 ut
752 3247 849 3302 unus
872 3247 893 3300 c
916 3224 1052 3300 multis
1076 3224 1311 3302 coniectura-

149 3333 346 3437 requitur3
373 3331 644 3440 probabiliora
664 3329 879 3414 docentem
899 3335 1068 3414 libenter
1083 3335 1242 3435 audiet,
1265 3355 1311 3416 uc

150 3447 321 3524 affirmat
349 3447 391 3524 in
417 3451 623 3556 prologo:
653 3447 747 3526 alias
776 3453 962 3556 exemplo
989 3448 1040 3530 D.
1064 3451 1312 3558 Hieronymi

90 3633 93 3642 ,
150 3583 236 3638 non
259 3563 334 3640 fert
358 3566 682 3667 reprehensorem
700 3555 769 3668 qui
786 3561 975 3644 damnare
992 3565 1140 3676 possit,
1163 3568 1309 3650 docere

150 3699 234 3754 non
251 3675 385 3783 possit.
411 3675 487 3758 Sed
510 3675 559 3755 de
582 3675 642 3754 his
664 3679 745 3755 iam
767 3677 858 3758 satis
880 3733 894 3778 ,
921 3681 1043 3763 nimis
1064 3682 1176 3762 enim
1193 3684 1308 3784 longi

150 3790 325 3892 brimus,
359 3817 601 3901 quamquam
629 3791 673 3871 id
697 3793 903 3902 proposita
933 3799 1038 3878 ratio
1067 3799 1304 3909 postulabat.

1129 3913 1252 3994 Nunc
