3244 4710
307 295 400 378 190
471 305 799 378 eruesrrursrvs
821 305 1150 376 vruutencnr.
1178 305 1324 377 xxrur.

230 463 234 474 ·
301 461 385 521 sent
405 433 722 533 Academicum,
753 431 864 540 quod
891 431 1117 515 Muratorio
1139 420 1465 516 tribueritunaur

298 555 550 648 litterulam,
578 549 714 655 inqua
729 573 797 631 me
814 548 977 653 puderet
1005 545 1230 629 immorati.
1259 544 1335 626 Sed
1353 545 1465 630 dein·

299 667 469 748 denum
488 664 648 754 amit:
669 663 808 761 „elX
826 661 875 742 de
895 661 1093 742 Muratori
1115 661 1217 745 debe
1246 685 1307 738 ser
1336 663 1374 744 V
1398 663 1466 746 del

299 827 333 882 2,
349 783 488 866 Vle.
523 779 661 860 ANN.
687 776 738 857 C.
772 780 787 878 (
802 801 922 858 aanor
949 783 1137 876 centum)
1167 774 1359 854 Finertres
1386 801 1465 883 que

297 946 332 996 „
351 891 559 1004 imprimid
590 894 641 976 V.
669 887 818 974 ANN:
839 887 888 968 C.
922 886 1028 972 ereid
1043 889 1045 896 '
1062 913 1124 968 set
1149 889 1284 970 tituto·
1298 889 1320 967 i
1346 889 1465 974 tinto

296 1059 331 1109 2,
349 1015 473 1108 afros,
491 1028 630 1091 eontra
643 1011 681 1092 el
699 1001 827 1098 orden
843 1009 1023 1106 regular,
1041 1029 1132 1110 puts
1146 1027 1273 1100 trunca
1287 1027 1330 1085 se
1344 997 1467 1087 eseri.

303 1179 338 1225 ‚‚
359 1135 408 1210 be
435 1131 603 1237 quinque
630 1145 750 1208 aanor
773 1141 928 1201 centum
938 1173 954 1216 ,
981 1119 992 1196 i
1012 1117 1064 1196 asi
1081 1122 1121 1198 la
1139 1119 1177 1198 V
1194 1143 1251 1198 uo
1267 1143 1307 1200 es
1323 1141 1463 1202 nume·

298 1286 336 1342 ,‚
355 1248 440 1340 rai,
470 1242 559 1322 sino
587 1260 688 1320 nota
713 1234 763 1317 de
787 1237 897 1320 Vixi.
914 1236 946 1284 “
975 1231 1120 1334 Agitur
1145 1231 1200 1312 ibi
1231 1230 1283 1312 de·
1305 1230 1465 1320 inficett

298 1347 458 1473 prorsue
484 1376 524 1436 et
543 1354 758 1467 incorrupta
780 1347 1068 1455 inscriptione,
1098 1345 1140 1428 in
1154 1371 1230 1454 qua
1247 1345 1297 1425 de
1314 1347 1465 1448 milite,

297 1480 368 1588 qui
385 1475 584 1552 viatorem
602 1466 848 1573 alloquitur,
862 1461 1009 1543 dieitur
1025 1459 1065 1543 in
1082 1482 1193 1540 sexto
1206 1485 1319 1554 versu
1328 1517 1344 1558 ,
1364 1463 1464 1542 Nn.

303 1591 420 1675 TVS.
452 1587 505 1668 V.
538 1581 677 1664 ANN.
705 1578 752 1660 C.
786 1575 1037 1658 Finestresiur
1067 1576 1170 1656 clas.
1198 1587 1246 1659 V.
1267 1573 1376 1658 num.
1399 1603 1465 1666 19·

297 1709 602 1812 interpretatur,
619 1693 728 1803 quasi
745 1695 866 1773 vellet
880 1689 1037 1786 dicere,
1053 1685 1172 1772 natus
1183 1709 1335 1770 centum
1349 1694 1465 1802 quim

302 1853 375 1936 que
400 1843 533 1898 anuos.
562 1814 661 1892 Non
677 1815 805 1919 platet
835 1809 934 1893 haee
958 1805 1236 1910 interpretatio
1253 1804 1463 1888 Floteziot

300 1936 371 2016 sed
397 1959 473 2040 qua
500 1923 664 2008 tandem
691 1923 849 2006 caussa}
865 1919 956 2025 quia
981 1916 1170 2000 videlicet
1194 1937 1251 1998 est
1275 1941 1409 2001 contre
1429 1919 1469 1998 el

300 2050 415 2134 erden
440 2044 592 2156 regular
616 2093 634 2138 ‚
655 2053 753 2152 ‘pres
779 2061 907 2114 nance
935 2062 985 2114 se·
1003 2027 1124 2114 ecribe
1150 2036 1317 2143 quinque
1343 2059 1465 2114 annus

299 2185 465 2266 centurn.
478 2159 609 2236 Etiam
622 2173 842 2258 numquam
857 2147 1059 2231 scribitur:
1078 2151 1147 2257 qui
1159 2175 1216 2224 mr
1219 2151 1464 2256 praeteristi,

300 2305 379 2388 pro
391 2280 460 2388 qui
481 2293 574 2353 ante
590 2296 711 2350 meum
726 2264 1223 2378 sepulcrumpermnsr'sri,
1254 2261 1310 2338 u'ti
1326 2261 1368 2346 in
1385 2265 1464 2349 hoe

296 2409 576 2478 monumento
596 2383 697 2482 (uisi
712 2383 819 2462 forte
843 2381 1029 2460 uolumus
1042 2401 1134 2460 euru
1157 2375 1344 2459 florezio
1362 2375 1466 2457 inse·

300 2534 393 2590 rene
418 2501 653 2588 adverbium
678 2523 754 2578 non
787 2493 828 2570 in
857 2493 930 2576 nac
958 2489 1244 2600 inscriptione,
1274 2511 1314 2570 et
1341 2489 1465 2571 etiam

304 2626 350 2706 in·
383 2622 459 2702 alia
473 2677 488 2718 ,
521 2639 643 2724 quam
672 2609 785 2691 affert
815 2600 1037 2689 Historitus
1063 2633 1167 2686 num.
1188 2629 1261 2700 34..
1283 2603 1466 2688 ¹eiusderrt

304 2736 493 2832 furfuris,
523 2726 634 2838 quod
650 2721 1014 2817 nimierviole‘ntum
1030 2720 1222 2818 videtur.)
1243 2719 1381 2816 Quum
1400 2740 1465 2800 to·

302 2877 394 2934 euru
436 2854 514 2938 hoe
543 2851 863 2926 uruntunenturn
893 2835 1025 2920 uideat
1053 2834 1201 2916 inculta
1232 2853 1281 2912 et
1302 2833 1467 2942 horride

306 2967 490 3049 oratione
529 2977 769 3050 exaratum,
803 2975 922 3056 quam
953 2947 1115 3028 tandem
1152 2950 1239 3026 vuit
1280 2972 1467 3054 quaerere

309 3080 512 3164 Florezius
545 3096 677 3153 retum
695 3089 734 3146 et
751 3069 966 3145 verborum
987 3061 1273 3172 proprietatem
1298 3067 1312 3142 ἒ
1340 3064 1468 3143 Natus

298 3193 385 3282 ¹hae
403 3185 692 3299 significatione
716 3175 1049 3288 usurpatur'apud
1078 3173 1268 3276 Latinos,
1295 3199 1338 3256 ut
1362 3199 1469 3258 aeta-

309 3337 395 3396 tem
425 3307 603 3401 indicet,
633 3323 716 3406 quo
744 3319 860 3376 sensu
887 3295 943 3374 M.
961 3291 1119 3372 Tullius
1144 3292 1186 3370 in
1216 3292 1323 3370 Diri.
1339 3288 1384 3370 de
1399 3301 1467 3374 Se·

172 3421 174 3424 ⁵
297 3421 413 3524 ,ηανξ
422 3412 522 3513 dixit
541 3456 552 3500 e
573 3443 691 3528 quum
714 3439 778 3524 ego
795 3411 962 3520 quinque
977 3430 1015 3486 et
1028 3409 1236 3516 sexaginta
1261 3435 1382 3486 annos
1397 3431 1467 3486 na·

297 3531 380 3624 stus·
401 3553 535 3650 [regem
561 3531 771 3614 Voconiam
797 3551 1053 3634 praemagna
1078 3517 1252 3602 ethonis
1280 3515 1469 3600 lareribus

295 3659 525 3739 'suasissent
557 3646 613 3727 At
637 3659 722 3724 non
747 3644 893 3742 nabet,-
925 3638 1105 3744 inquiet,
1137 3633 1468 3716 commodiorem

300 3771 500 3864 ¹tensum,
528 3753 779 3868 interpretari.
811 3750 913 3834 iilud
937 3753 976 3833 V
1010 3752 1127 3832 Vixit
1143 3753 1159 3830 ζ
1177 3749 1345 3830 minime
1371 3776 1469 3851 geu·

313 3891 443 3973 rium:
466 3885 521 3966 aie
535 3879 646 3960 enim
661 3865 874 3954 abundaret
892 3866 995 3948 iliud
1009 3867 1219 3948 NATVS:
1240 3891 1322 3947 nou
1338 3863 1470 3973 potuit

298 4002 311 4018 ‘
1301 3979 1417 4060 euim
