3240 4688
402 233 585 310 votvm
613 233 757 304 xxmr.
786 237 899 306 mss.
928 238 1055 308 saun.
1210 195 1312 320 5113

153 349 210 450 rii
238 362 396 448 inscitia
422 363 618 446 abundate
632 417 660 476 ,Ι
679 349 795 471 atque
821 365 1124 472 expungendum
1151 389 1232 446 esse
1257 383 1320 447 se'·

159 481 338 564 cundum
355 505 514 562 versum
530 533 545 578 ,
574 503 693 588 quam
710 483 790 558 hoc
809 501 889 556 tarn
915 479 1037 559 debiti
1062 479 1321 566 fundamento

156 621 354 694 asserere,
380 591 484 676 inter
502 591 710 673 Gallaecos
728 593 843 674 fuisse
863 584 1140 676 Reburtorum
1155 617 1320 695 gentem

156 716 204 792 ab
220 709 409 789 omnibus
427 707 675 816 Geographis
706 709 1035 817 praetermissam.
1055 709 1168 811 Quid
1183 715 1196 788 ἐ
1210 707 1321 815 quod

152 823 185 906 si
197 825 375 906 'dicimus
394 823 689 906 cum'Florezio
698 877 714 918 ,
729 827 769 902 in
785 823 1049 906 REBVRRO
1064 821 1222 904 secundi
1238 849 1320 902 ver·

142 939 215 1020 'sus
248 963 478 1040 cognomen
507 963 587 1018 esse
608 938 814 1048 positum,
842 939 883 1017 in
902 939 1165 1023 REBVRRO
1186 961 1320 1020 aurern

152 1076 314 1162 quartae
344 1055 471 1134 lineae
491 1053 737 1156 designatam
766 1053 961 1160 patriam
990 1076 1170 1162 sequatur
1189 1075 1321 1136 neces·

142 1193 192 1259 =se
212 1190 270 1248 est
282 1221 298 1268 ,
328 1191 371 1247 ιιι
390 1169 595 1249 videamus
610 1191 842 1269 cognomen
865 1189 954 1250 ante
974 1171 1124 1248 tribum
1142 1173 1318 1248 colloca·

140 1283 241 1364 'tum
255 1339 272 1381 ,
299 1283 409 1390 quod
439 1305 633 1390 nusquam
659 1284 702 1362 in
726 1300 812 1360 rota
829 1284 906 1384 (u.)
928 1282 1176 1389 Antiquitate
1203 1307 1318 1389 appa·

151 1418 225 1478 ret.
255 1397 301 1477 ln
321 1424 403 1504 quo
416 1425 493 1501 ego
508 1395 696 1476 maxime.
711 1395 894 1475 admiror
911 1456 926 1494 ‚
956 1423 1037 1476 non
1066 1397 1320 1479 animadvers

148 1513 243 1593 risse
262 1511 546 1595 doctissimum
563 1511 727 1609 virum,
757 1509 960 1616 quod‘nec
976 1511 1237 1592 mediocriter
1256 1512 1320 1592 in·

149 1649 321 1707 structos
339 1630 441 1728 fugit
456 1662 466 1709 ι
482 1653 555 1710 nec
568 1627 756 1706 latuisset.¹
773 1624 1000 1706 Florezium
1013 1663 1032 1724 ,·
1042 1628 1117 1706 nisi
1137 1651 1322 1735 praecepa

149 1740 198 1834 -i'n
216 1745 295 1821 hoc
313 1769 432 1852 opere
458 1765 503 1823 et⁴
527 1762 766 1822 transversus
792 1740 926 1818 fuisset
956 1761 1061 1820 actus
1078 1773 1087 1820 :
1106 1743 1186 1848 ipse
1207 1743 1322 1821 enim

154 1881 232 1968 cap.
246 1870 401 1936 XXIII.
419 1885 523 1940 num.
544 1884 607 1954 14.
624 1856 678 1935 ait
694 1889 703 1938 ;
720 1881 768 1936 rro
782 1881 848 1936 rra
873 1857 984 1937 ettilo
1011 1869 1179 1935 Romano
1192 1879 1321 1968 *ponar

150 1970 193 2050 la
210 1969 317 2051 tribu
334 1975 485 2084 despues
499 1974 562 2052 del
574 1971 762 2084 pallido,
790 1979 874 2052 sino
888 1994 1011 2052 antes.
1039 1974 1181 2072 Quum
1196 1995 1319 2077 aeque

150 2084 388 2166 inusitatum
415 2087 465 2162 sit
488 2087 591 2191 apud
616 2086 856 2180 Romanos,
887 2107 983 2163 anre·
1000 2087 1150 2162 tribum
1176 2107 1219 2164 et
1247 2109 1321 2164 co..

151 2221 334 2302 gnomen
364 2196 560 2278 collocari
592 2197 795 2304 patriam,
824 2197 934 2302 quod
958 2224 1041 2278 non
1068 2199 1256 2300 ignorant
1270 2199 1320 2300 ii,

149 2311 225 2422 qui·
234 2311 478 2420 primoribus
500 2311 620 2392 labris
648 2313 750 2392 hanc
773 2311 981 2393 scientiam
1001 2311 1320 2412 degustaveruntg

151 2427 377 2508 necessario
421 2424 678 2535 consequitur
707 2446 750 2506 ut
781 2440 816 2506 τὸ
844 2427 1107 2530 REBVR-RO
1133 2425 1318 2508 'secundi

151 2565 283 2626 versus
299 2566 373 2622 nec
393 2565 654 2644 cognomen,
683 2565 757 2620 nec
784 2545 955 2650 patriam
979 2542 1200 2643 significare
1224 2567 1320 2650 ¹pos·

153 2654 216 2736 sit.
227 2657 407 2764 Superest
421 2681 519 2758 ergo
531 2710 546 2752 ,
570 2679 613 2732 ut
628 2681 722 2761 cum
741 2657 980 2739 Finesrresio
995 2657 1318 2756 dicamus3abuns

151 2767 665 2869 ¹ciareilludREBVRRO.
1156 2833 1159 2840 ,

281 2895 283 2904 ⁴
749 2887 780 2970 P
1084 2925 1119 2954 ω
1184 2899 1269 2971 ιιι.

195 3097 207 3167 (
216 3099 257 3175 u)
295 3099 330 3158 In
347 3095 482 3156 Romanis
498 3095 689 3160 monumentis
703 3095 811 3156 videbis
829 3117 939 3178 semper
957 3091 1062 3159 t'ribum
1079 3101 1148 3159 ante
1162 3115 1323 3184 cognomen

154 3178 344 3249 collocatam,
363 3193 396 3236 ut
408 3177 504 3238 videre
520 3194 599 3256 potes
617 3176 648 3236 iu
671 3177 748 3238 cras.
760 3180 820 3238 ΙΙΙ.
836 3177 941 3241 Finest.
956 3199 1034 3240 rrum.
1048 3201 1076 3240 1.
1087 3199 1116 3240 2.
1128 3200 1155 3257 3.
1167 3203 1196 3250 4.
1211 3203 1238 3256 5.
1250 3193 1279 3239 6.
1290 3199 1321 3252 7.

158 3273 209 3320 12.
230 3279 280 3336 13.
300 3281 350 3334 ¹4·
372 3278 420 3334 ις.
441 3271 489 3319 16.
511 3264 808 3335 18·19·23·24·25·
824 3265 999 3330 27.28.,29.
1014 3279 1062 3336 30.
1083 3281 1130 3337 35.
1144 3269 1191 3336 36.
1207 3280 1254 3336 3⁷·
1269 3279 1318 3338 53.

156 3350 206 3413 56.
223 3353 274 3414 63.
287 3349 334 3418 65.
351 3341 429 3398 Clas.
445 3341 477 3398 V.
492 3353 571 3396 num.
589 3355 617 3418 3.
633 3361 664 3410 4.
681 3357 708 3416 5.
729 3350 777 3398 16.
793 3349 846 3398 26.
859 3357 907 3415 32.
923 3338 1322 3422 33·135·40·3i‘1‘1't¹³²1¹¹}>0⁸t

155 3420 1129 3578 transferuutur..nn·tran.¹t·r.⁶.·.t·
1142 3425 1253 3578 aa
1266 3441 1320 3560 n:

157 3577 259 3639 ducere
273 3579 433 3639 testimonia
450 3602 458 3638 ι
473 3577 523 3636 red
538 3599 594 3638 non
604 3597 714 3659 semper
724 3573 796 3636 hune
811 3577 839 3636 in
851 3596 982 3659 promptu
992 3579 1105 3651 habeo,
1121 3580 1169 3658 qui
1181 3597 1213 3640 ut
1226 3581 1321 3642 Fines-

158 3659 278 3730 nesius,
296 3657 386 3718 debeo
400 3657 474 3720 hunc
486 3647 593 3734 librum
614 3655 644 3718 in
666 3657 757 3718 aliena
780 3649 1109 3734 bibliothecaeuolvcre.
1128 3659 1195 3726 vid.
1213 3662 1321 3726 tabret.

155 3755 220 3820 rap.
229 3739 306 3802 1111.
316 3755 383 3822 pag.
395 3759 412 3822 3
417 3760 466 3824 33.
483 3755 561 3822 seqq.
578 3737 711 3803 Stdhaec
724 3736 872 3800 notissima
885 3756 959 3804 runt.
1142 3751 1147 3758 ·
