3244 4672
316 193 373 307 1⁴5
475 251 804 326 stnnsrnnstvs
827 253 1302 324 v1notc.·a·r›notooo

311 400 414 462 artes
429 377 695 462 inflammatus
708 377 923 460 Cervariae
940 379 1231 462 Lacetanorum
1247 406 1340 464 cum
1355 371 1459 465 Mti?

311 498 363 578 sis
381 495 640 578 domicilium
659 494 900 594 collocavit,
921 517 1163 604 quamquam
1184 498 1226 577 in
1245 497 1445 581 instruen-¹

311 611 362 692 da
391 612 635 694 bibliotheca
661 612 782 692 nullis
808 637 1000 720 umquam
1028 603 1252 720 pepercerit
1272 615 1442 724 sumpti-²

310 732 405 826 bus,
425 753 525 835 quos
553 725 800 837 suppeditare
829 725 900 834 ipsi
930 748 1086 836 poterat
1113 730 1280 810 tenuitas
1302 730 1358 808 rei
1377 733 1439 810 fa-

309 843 501 942 miliaris5
522 847 676 923 nullam
695 863 829 924 nactus
847 864 905 922 est
923 843 1179 923 occasionem
1200 845 1438 954 comparan-

310 959 353 1040 di
373 959 588 1056 Gruterum
606 979 645 1038 et
662 959 934 1038 Muratorium
943 1013 959 1056 ,
978 959 1046 1066 qui
1074 984 1158 1038 nou
1183 958 1317 1042 dicam
1335 958 1438 1039 Cer-⁴

309 1075 464 1172 variae,
482 1074 724 1155 ubinullum
743 1096 800 1152 est
817 1075 966 1152 horum
994 1099 1163 1180 operum
1190 1077 1438 1180 exemplum,

311 1189 380 1270 sed
396 1217 468 1272 nec
484 1190 600 1272 facile
619 1188 782 1299 reperiri
805 1211 967 1296 possunt
986 1188 1228 1270 Barcinone:
1248 1190 1314 1270 ubi
1333 1188 1437 1268 Gru·

309 1325 413 1384 tetus
433 1327 612 1404 tantum,
631 1299 743 1414 quod
761 1306 908 1403 sciam,
927 1305 967 1384 in
986 1305 1231 1384 bibliotheca
1250 1305 1321 1383 ΡΙ).
1336 1303 1442 1383 Car-⁴

306 1420 543 1502 melitarum
562 1413 937 1516 Discalceatorum,
957 1419 1201 1498 Muratorius
1225 1419 1266 1497 in
1288 1419 1437 1498 biblio·

305 1539 421 1617 theca
434 1535 507 1615 ΡΙ).
519 1535 687 1614 Ordinis
701 1533 1029 1614 Praedicatorum
1049 1534 1265 1616 invenitur.
1280 1535 1319 1614 Si
1335 1560 1448 1641 quae·

307 1651 385 1730 alia
416 1672 538 1747 sunt,
567 1647 678 1756 quod
708 1649 824 1730 valde
856 1647 1029 1746 dubito,
1056 1652 1205 1728 horum
1232 1651 1435 1730 librorum

303 1765 572 1874 exemplaria,
591 1763 827 1844 delitescunt
848 1761 889 1842 in
909 1767 1057 1864 angulo
1078 1765 1252 1871 privatae
1272 1765 1435 1844 domus.-

306 1880 355 1961 In
382 1882 443 1960 his
471 1880 686 1980 angustiis,
708 1901 749 1958 et
771 1881 813 1959 in
841 1900 950 1958 tanta
976 1879 1171 1986 paucitate
1200 1878 1433 1960 huiusmodi

304 1996 532 2091 librorum,
547 2020 647 2099 quos
664 1994 811 2074 iterum
831 2021 875 2074 ac
894 1997 1068 2102 saepius,
1086 1994 1155 2074 scd
1172 1998 1314 2074 frustra
1332 2020 1432 2074 sem·

303 2137 376 2222 per
396 2138 418 2190 a
442 2109 676 2218 bibliopolis
698 2110 840 2190 exteris
860 2131 899 2189 et
916 2109 1119 2190 nobilibus
1139 2111 1188 2214 (o)
1207 2109 1348 2219 petivit
1367 2109 1433 2190 Fi·

303 2225 542 2324 nestresius‚
569 2250 723 2306 neccsse
752 2226 828 2304 fuit
856 2223 946 2304 huic
973 2227 1291 2331 praeclarissimo
1318 2227 1427 2326 viro,

301 2334 349 2423 utw
367 2337 496 2452 perire
520 2341 693 2420 minime
719 2361 919 2450 pateretur
943 2340 1135 2420 subcisiva
1163 2340 1430 2448 quarumdam

304 2479 498 2540 aestatum
526 2477 737 2568 tempora,
752 2451 803 2535 ¹in
822 2456 961 2564 quibus
989 2455 1235 2563 requiescens
1258 2463 1308 2538 ab
1323 2457 1433 2536 Aca-2

303 2572 474 2654 demicis
512 2571 859 2653 exercitationibus
898 2569 1098 2651 relaxandi
1137 2573 1262 2651 animi
1298 2590 1430 2653 caussa

304 2686 543 2770 Cervariam
574 2689 800 2800 reliquerat.
827 2687 944 2767 Tunc
972 2685 1013 2764 in
1041 2687 1179 2764 alienis
1207 2687 1428 2765 bibliothe-

302 2805 384 2902 cis,
401 2829 527 2910 neque
546 2824 680 2883 tamen
699 2807 831 2883 lucem
849 2801 1050 2909 publicam
1071 2800 1275 2899 cogitans,
1293 2799 1428 2879 inscri-

300 2919 459 3030 ptiones
487 2944 533 2997 ex
559 2918 620 2996 his
646 2917 760 2996 libris
787 2915 1008 3024 excerpsit,
1031 2929 1131 3021 quos
1158 2941 1241 3027 non
1268 2936 1427 3024 poterat

301 3032 421 3112 domi
448 3058 536 3112 suae
564 3032 694 3111 otiose
711 3051 752 3110 et
769 3032 929 3138 quiete,
950 3049 993 3108 ut
1012 3051 1206 3138 parerat,
1225 3030 1427 3112 evolvere.

297 3148 391 3230 'Iam
409 3174 507 3229 vero
529 3173 653 3226 netno
677 3172 760 3228 non
777 3143 911 3246 videt,
931 3170 1050 3253 quam
1075 3145 1125 3224 sit
1148 3143 1339 3245 difficile,
1366 3172 1427 3226 ra-

301 3265 405 3374 ptim
431 3286 472 3343 et
496 3267 720 3343 turbulente
752 3263 805 3342 ita
835 3261 1127 3343 describentem
1158 3285 1243 3340 non
1273 3257 1426 3367 aliquid

298 3380 521 3477 omittere,
545 3378 875 3486 non‘saepissirne
902 3378 1004 3457 falli.
1030 3375 1154 3456 Cuius
1182 3377 1238 3454 rei
1266 3381 1425 3456 nullum

300 3495 495 3602 quaeratis
509 3495 633 3574 velim
652 3495 845 3576 efficacius
860 3515 1162 3596 argumentum,
1177 3517 1296 3597 quam
1314 3488 1424 3598 quod

300 3609 627 3710 diligentissimus
645 3610 814 3718 scriptor
828 3607 1026 3686 Henricus
1038 3607 1239 3686 Florezius
1249 3664 1263 3706 ,
1278 3607 1426 3688 habetis

300 3746 392 3809 ante
411 3730 551 3806 oculos
574 3751 754 3835 semper,
771 3750 844 3805 nec
861 3721 911 3802 de
930 3723 1109 3802 manibus
1125 3723 1203 3804 suis
1220 3726 1425 3830 deponens

1261 3839 1364 3916 Gru-

1017 3949 1424 3981 m*
