3244 4710
406 303 758 376 romanorun.
779 296 890 374 nts‘r.
915 300 1043 375 saon
1223 265 1318 394 187

156 443 252 512 rrim.
282 433 419 532 Quam
438 456 629 532 magnum
645 452 879 540 peccatum,
911 432 1016 510 Deus
1046 431 1319 514 Immortalis!

157 546 265 626 cuius
296 549 406 626 nulla
439 547 613 653 expiatio
637 568 737 626 esset
754 601 770 643 ,
803 545 878 626 nisi
909 547 1025 626 nobis
1055 547 1320 654 suppeditaret

155 657 358 746 florezius
381 664 611 768 exemplum
628 715 643 758 ,
677 687 760 766 quo
776 686 849 740 nos
868 660 965 738 tueri
983 685 1093 767 posse
1119 687 1319 773 speramus

155 769 464 873 Finestresium‚
491 795 530 855 et
546 779 699 882 placare
728 769 875 855 iratum
896 774 1050 856 Iovem.

162 959 167 966 .
239 890 287 970 ln
314 917 417 970 num.
438 915 502 969 11.
530 914 613 1002 cap.
639 897 711 970 11.
743 891 797 969 ait
826 887 874 968 de
902 888 1189 1000 inscriptione,
1220 913 1321 998 quae

156 1002 213 1084 ibi
236 1004 366 1110 posita
378 1023 467 1100 est,
495 1002 723 1084 Flotezius‘:
751 1058 783 1103 ‚,
811 1003 869 1083 En
887 1008 924 1082 el
947 1005 1124 1106 segundo
1151 1013 1321 1109 renglon

155 1171 192 1218 ,‚
209 1119 431 1198 omitieron
450 1121 487 1196 ia
505 1118 679 1225 primeca
692 1125 791 1198 letta
808 1171 823 1215 ‚
850 1144 925 1225 que
948 1120 1008 1196 sin
1023 1118 1128 1199 duda
1143 1145 1207 1198 era
1224 1123 1275 1202 P:
1291 1125 1322 1174 ⁴‘

157 1255 197 1312 et
212 1229 349 1313 tamen
363 1233 442 1342 ipse
462 1229 666 1342 descripsit
692 1232 867 1340 primum
883 1239 1047 1314 verbum
1063 1235 1223 1314 secundi
1238 1260 1324 1318 vet·

157 1373 220 1426 sus
238 1373 330 1428 cum
348 1347 478 1455 prima
501 1346 633 1426 littera
660 1345 706 1445 P,
734 1373 831 1453 quae
856 1346 910 1426 ibi
937 1373 1114 1426 essenon
1128 1348 1320 1428 debebatr

157 1460 200 1542 in
229 1486 313 1568 quo
344 1466 472 1570 lapsus
505 1481 563 1540 est
599 1461 833 1555 memoria,
873 1459 1048 1541 iudicans
1081 1487 1122 1542 se
1151 1465 1323 1572 posuisse

159 1573 307 1672 ROC,
337 1601 461 1682 quum
489 1577 682 1682 'posuisset
717 1572 878 1658 PROC.
911 1574 1151 1657 Provocabit
1181 1576 1324 1660 hic—ad

159 1695 503 1797 typographorum
534 1689 742 1772 incutiam.
776 1689 854 1768 Sed
883 1715 951 1769 cut
976 1687 1085 1768 idem
1110 1717 1192 1771 non
1222 1717 1323 1772 con-

162 1803 312 1901 tingere
347 1803 478 1912 potuit
509 1803 746 1882 Finesttesio
775 1808 791 1883 ἓ
821 1823 864 1882 ut
903 1829 1027 1910 quum
1058 1809 1323 1921 typographus

159 1928 316 2026 semper
336 1920 497 1998 habetet
525 1941 615 1999 ante
633 1923 775 2018 oculos
802 1942 906 1998 nunc
938 1917 1182 2017 Gruterum,
1218 1911 1323 2006 nune

159 2031 460 2128 Mutatorium3
492 2032 586 2140 (qui
604 2034 726 2113 tertio
749 2059 907 2140 quoque
934 2039 1057 2112 verbo
1082 2033 1323 2118 nominandi

159 2147 318 2225 suntin
346 2147 575 2226 huiusmodi
602 2149 813 2254 operibus)
845 2147 1113 2226 Muratorium
1146 2150 1187 2228 in
1209 2173 1324 2230 men·

160 2277 201 2342 te
230 2263 391 2340 haberet
407 2313 423 2359 ‚
463 2280 503 2340 et
532 2263 802 2367 exprimeret,
835 2273 962 2366 quum
1002 2260 1223 2368 exprimere
1254 2264 1324 2342 de·

161 2375 305 2456 buisset
324 2374 552 2456 Gruterum.
580 2372 659 2454 Sed
684 2373 781 2483 quid
809 2373 972 2453 tandem
990 2373 1149 2482 disputo
1166 2379 1180 2454 i
1197 2381 1325 2482 lapsus

163 2491 282 2570 fuerit
303 2489 502 2568 'memoria
526 2489 792 2568 fruerer-erius·
820 2491 920 2568 Non
935 2491 1010 2572 etit
1025 2490 1103 2568 hoc
1122 2511 1226 2569 certe
1238 2516 1326 2592 gra·

163 2605 249 2686 vius
283 2623 488 2713 peccatum
506 2657 522 2701 ,
557 2629 677 2710 quam
717 2627 801 2686 non
840 2601 1163 2684 animadvertisse
1190 2603 1327 2684 Flore-

161 2720 274 2804 zium
297 2716 493 2800 mendum
512 2714 613 2796 iliud
630 2713 988 2826 typographicum,
1019 2716 1167 2824 dequo
1190 2720 1326 2826 proui-
1380 2733 1382 2736 ’

163 2859 232 2912 me
248 2833 490 2914 dicebamus.
522 2832 607 2936 Ego
634 2834 757 2912 sciens
785 2830 1236 2934 GregoriumMagnum
1252 2855 1327 2941 pro

160 2940 399 3046 ,theodoreto
427 2959 673 3029 sozomenum
691 2951 783 3050 (m)
802 2947 994 3057 scripsisse
1013 3001 1028 3044 ,
1060 2947 1156 3054 quio
1174 2953 1222 3030 ab
1238 2952 1327 3028 ulio

154 3060 404 3145 'mortalium
423 3062 642 3157 languentis
662 3083 825 3170 propser
849 3065 927 3142 hoc
950 3084 989 3140 es
1007 3063 1240 3143 senescentis
1264 3062 1328 3142 in·

162 3174 337 3278 dustriae
363 3195 572 3274 arguatur,
603 3201 686 3256 non
721 3173 907 3282 equidem
938 3173 1126 3254 admiror
1147 3177 1327 3254 Murato-

156 3291 272 3374 sium
291 3313 365 3398 pto
382 3287 553 3368 Grutero
569 3289 758 3397 positum.
786 3291 1040 3386 Multorum,
1067 3311 1107 3367 et
1125 3293 1327 3371 clarorum

159 3406 351 3485 *virorum
392 3407 575 3510 exempla
615 3407 793 3512 proferre
826 3421 1013 3512 possem,
1045 3403 1328 3508 quibusrvaide

160 3519 473 3602 'imminueretur
490 3524 603 3630 culpa
629 3519 881 3618 Finestresii,
909 3543 1030 3628 quum
1048 3542 1240 3626 ponerem
1260 3547 1330 3600 an·

159 3677 162 3682 ·
266 3642 267 3645 ‘
732 3633 846 3739 ¹Ara
952 3673 953 3676 κ
1233 3657 1274 3718 te

170 3857 1335 3887 .------...-....................................

189 3921 282 4012 ⁴(m)
322 3921 384 3982 Lib.
398 3930 426 4010 ξ.
442 3920 524 3998 epist:
545 3920 691 3979 indictione
704 3941 750 3995 ις.
777 3921 857 3999 epist.
869 3939 919 4004 31.
944 3921 981 3984 de
1004 3943 1060 4005 quo
1079 3916 1153 3984 vido
1170 3920 1283 3982 Canum
1300 3920 1332 3986 lu

170 4001 223 4065 lu.
235 4006 291 4066 ΧΙ.
302 4001 336 4062 de
350 4007 426 4064 Locrs
434 4043 446 4078 ,
470 4015 497 4062 et
512 4000 571 4064 eius
590 4000 737 4066 vindicias.
846 4042 851 4051 ,
