3240 4688
367 267 547 338 votvm.
581 269 723 336 xxuu.
751 267 864 334 msa.
895 267 1023 336 saca.
1227 255 1293 351 79

136 419 409 510 propensum,
435 395 638 498 cogitare,
667 409 731 474 a'ut
759 396 929 474 fractum
956 391 1073 474 fuisse
1101 379 1325 504 lapidem‚'

140 516 205 594 aui
222 537 266 592 ea
283 515 403 592 verba
424 510 467 590 in
490 510 572 592 alio
595 535 800 592 marmore
824 509 988 590 inferius
1012 507 1147 616 posito
1165 509 1300 588 conti-

138 647 256 710 nuata
277 625 406 705 fuisse.
432 629 546 726 Quae
568 625 734 733 quidem
757 623 858 706 adeo
887 624 989 704 mihi
1013 622 1196 702 videntur
1219 649 1300 706 esse

138 741 296 825 veritati
317 761 606 840 consentanea,
634 762 676 820 ut
696 742 845 848 certior
862 743 985 820 factus
1007 737 1120 818 huius
1138 737 1220 837 rei,
1249 737 1301 820 de

138 883 216 965 qua
246 855 537 953 meminimus,
574 857 788 965 Impetrare
813 883 834 936 a
861 881 927 934 me
954 859 1019 935 vix
1041 851 1223 962 possim,
1257 875 1302 966 ιιι

104 1005 108 1012 ’
136 973 181 1056 in
199 971 384 1051 Florezio
401 971 665 1078 adquiescam.
691 971 749 1052 Sit
767 970 879 1052 enirn
900 969 956 1050 ita
978 991 1093 1052 sane:
1123 989 1300 1050 seruetur

56 1159 64 1174 ‚
138 1089 294 1188 integra
323 1085 405 1164 ima
438 1111 525 1194 pars
557 1086 670 1166 huius
697 1085 840 1194 lapidis
872 1103 964 1166 cum
996 1083 1156 1194 spatio,
1187 1080 1300 1190 quod

137 1200 238 1282 duos
251 1257 267 1298 ,
294 1220 359 1280 aut
382 1221 460 1278 tres
482 1227 613 1280 versus
637 1225 780 1308 capere.
801 1201 938 1307 possit.
965 1201 1050 1300 Ego
1073 1199 1205 1307 potius
1231 1197 1301 1278 ad·

138 1316 296 1414 ducor,
320 1335 362 1392 ut
381 1313 566 1412 credam,
587 1315 630 1394 in
647 1315 730 1394 alio
754 1339 960 1394 marmore
976 1315 1140 1394 inferius
1162 1313 1299 1420 posito

141 1435 414 1538 (quamquam
439 1428 483 1510 id
511 1429 651 1510 inscite
678 1450 718 1514 et
744 1429 988 1532 ineleganter
1008 1431 1160 1508 factum
1182 1427 1304 1506 fuerit

140 1573 163 1624 a
190 1542 464 1624 marmoratiis
489 1569 658 1626 uacuum
686 1544 996 1650 relinquentibus
1020 1543 1193 1652 superius
1222 1568 1306 1650 spa·-

111 1743 114 1749 γ
139 1661 269 1761 tiu'nt)
288 1659 477 1740 exstitisse
499 1660 594 1740 illos
611 1660 851 1758 versiculos,
871 1684 992 1766 quam
1010 1681 1102 1738 cum
1114 1657 1302 1739 Flotezio

141 1772 406 1871 contendere,
421 1799 642 1882 numquam
665 1773 715 1854 ad
728 1775 830 1856 hanc
854 1771 1159 1879 inscriptionem
1183 1772 1338 1878 ριιιίωΙΙ

139 1888 279 1972 nuisse.
305 1891 402 1989 Quo
421 1889 463 1969 in
480 1893 576 1974 loco
599 1914 747 1996 quaero
758 1944 773 1988 ,
798 1913 919 1997 quam
938 1886 1052 1982 vim,
1076 1883 1187 1992 quod
1203 1911 1305 1994 pou-

135 1999 210 2084 dus
239 2005 380 2082 habeat
409 2003 620 2084 auctoritas
646 2003 832 2084 Andreae
858 2002 1014 2082 Schotti
1041 2000 1304 2082 eruditissimi

10 2191 11 2196 ι
138 2113 250 2212 viri,
285 2117 353 2220 qui
379 2118 609 2196 Tarracone
640 2117 780 2215 degit,
811 2137 853 2196 et
885 2117 1107 2224 impensam
1138 2141 1304 2224 operam

10 2263 11 2274 ι
136 2227 300 2310 navavit
330 2227 373 2310 in
402 2227 463 2308 his
493 2228 635 2310 litteris
668 2254 761 2311 cum
786 2229 973 2313 Antonio
1003 2231 1228 2330 Augustino
1258 2231 1303 2312 in

136 2346 211 2424 hac
244 2341 406 2423 scientia
434 2341 551 2424 facile
580 2343 798 2454 ptincipei
834 2347 932 2448 Quo
963 2344 1047 2424 iure
1076 2341 1302 2424 delebimus

135 2457 232 2538 duas
245 2458 385 2554 lineas,
400 2483 498 2564 quae
511 2484 559 2538 ex
572 2457 725 2538 schedis
740 2459 848 2540 illius
863 2455 1009 2540 eruditi
1022 2458 1100 2541 viri
1116 2478 1156 2536 et
1170 2461 1302 2540 ocula·

137 2573 169 2650 ti
184 2572 299 2652 testis·
306 2571 542 2681 prodierunt
556 2573 596 2652 in
609 2573 781 2654 Grutero
792 2585 1110 2686 pag.LXXXIII.
1126 2577 1298 2654 numo-l

136 2686 293 2768 Deinde
316 2713 439 2795 quam
466 2689 621 2796 optime
650 2689 721 2768 illa
746 2691 851 2772 inter
877 2714 916 2768 se
945 2686 1202 2772 consentiunt
1227 2683 1302 2781 oba

132 2825 253 2882 staua
272 2823 335 2882 aut
353 2797 520 2882 obsiana
536 2815 669 2884 Mater
679 2837 702 2902 ,·
720 2807 939 2918 Sempronia
954 2799 1119 2910 lychnis
1131 2807 1255 2884 Avia.
1287 2831 1294 2884 t

190 2916 397 2998 Praeterea
417 2917 819 3000 animadvertendum
840 2941 928 3018 est,
955 2917 1097 2998 deletis
1114 2919 1185 2998 'his
1212 2933 1301 3000 vet·

133 3027 239 3111 sibus
251 3083 270 3126 ‚
299 3050 339 3106 et
369 3032 581 3142 repudiatis
611 3056 817 3142 tamquam
842 3039 893 3116 ab
920 3036 999 3116 hoc
1025 3055 1297 3118 monumento

133 3142 274 3226 alienis
290 3199 306 3242 ,
343 3142 384 3222 in
416 3148 646 3244 graviorem
681 3175 754 3230 nos
789 3147 1069 3236 difficultatem
1102 3148 1305 3247 incidere,-

132 3285 255 3366 quam
281 3284 385 3342 nunc
397 3313 414 3358 ‚
444 3280 487 3340 ut
511 3265 614 3341 solet
636 3261 755 3360 alias,
782 3284 902 3369 parva
922 3261 1297 3370 quadamdeclina·

132 3374 244 3457 tione
271 3373 452 3482 corporis
478 3374 648 3480 effugere
675 3377 832 3460 videtur
853 3376 1066 3459 Florezius.
1095 3379 1156 3458 Ita
1181 3376 1295 3458 enim

130 3490 314 3596 profecto
342 3515 381 3569 se
410 3515 471 3570 res
500 3493 650 3590 habet,
680 3512 723 3570 ut
751 3489 818 3570 isti
844 3515 977 3576 uersus
1004 3512 1070 3572 aut
1098 3491 1176 3572 sins
1205 3517 1294 3600 pars

130 3600 272 3698 huius,
299 3629 381 3711 quo
410 3603 461 3683 de
489 3608 672 3708 agimus,
703 3609 991 3707 mouumenti,
1027 3629 1092 3690 aut
1119 3627 1293 3715 separata

130 3715 325 3824 quaedam
341 3718 567 3826 inscriptio:
584 3720 914 3828 quandoquidem
931 3723 1095 3806 tertium
1111 3749 1292 3806 essenon

129 3853 260 3940 potest
278 3853 443 3946 propter
463 3837 743 3920 auctoritatem
761 3837 952 3942 Grutcri,
974 3840 1049 3950 qui.
1065 3843 1142 3924 ltos
1167 3843 1210 3922 in
1234 3837 1305 3930 dua

1149 3951 1249 4064 plici
1289 3955 1293 3962 ’
