3244 4672
411 275 1319 380 votvmxxttnu1snsaena3

160 449 194 520 ς,
212 411 372 526 presion
388 413 436 494 de
453 418 618 494 citerior
632 407 921 509 Tarracinense
930 469 946 511 ,
959 439 1034 521 que
1052 417 1216 497 haberlo
1234 441 1327 526 que-

155 557 159 566 ’
161 589 195 634 ,,
215 527 321 610 rido
330 521 558 608 individuas
580 531 635 621 asi
656 515 827 607 clausor
850 529 956 609 dela
978 532 1202 612 memoria:
1231 559 1324 642 pucs

161 703 194 748 ,,
214 651 365 749 (como
385 643 469 751 dijo
484 645 618 723 Plinio
636 633 704 722 lib.
719 671 754 732 3.
766 669 846 750 cap.
836 671 895 722 ..1
907 650 919 745 )
940 651 1106 726 citerior
1121 649 1325 760 eademque

141 808 143 814 ι
159 763 568 864 ,‚anraconensis,
571 785 588 835 ι
601 775 622 835 n
642 775 704 840 esc
729 751 893 836 modo
881 777 1071 876 Juntaton
1096 764 1186 876 aqui
1210 763 1324 842 unni

160 929 193 976 „
211 897 319 954 otto.
334 882 366 926 “
390 867 635 951 Enodatius
626 871 746 974 tgitur
763 871 1073 992 explicabimus,
1094 877 1215 983 quod
1221 903 1325 986 pres-

162 1012 260 1072 sect
279 1007 438 1100 anguste
455 987 605 1065 dictum
623 988 753 1065 noluit
772 983 995 1118 intelligere
1009 990 1224 1070 florezius
1243 995 1325 1072 Ne
1377 1007 1382 1016 '

131 1201 133 1208 Ι
155 1131 235 1184 mo
258 1104 406 1199 nescit,
424 1101 678 1180 Constantini
703 1091 802 1180 aevo
826 1104 1065 1209 tripartitam
1086 1107 1319 1214 Hispaniam

109 1219 529 1350 „Tarraconensem
558 1234 911 1320 coangustatosque
935 1219 1060 1296 fuisse
1077 1221 1226 1298 limites
1251 1225 1325 1299 bu-

163 1333 223 1412 ius
247 1333 476 1442 prosinciae
491 1385 506 1426 ‚
533 1357 654 1435 quae
649 1353 786 1410 antea
798 1321 1025 1408 latissime
1015 1357 1056 1410 tn
1077 1333 1326 1415 Callaeciam

156 1473 281 1554 usque
298 1471 336 1526 et
356 1445 645 1559 Citartnginem
663 1444 956 1524 dominabatur
983 1447 1096 1526 Facta
1113 1452 1184 1530 hac
1202 1450 1323 1557 parti
1338 1439 1343 1450 ’

161 1565 298 1658 tione,
322 1561 388 1638 ubi
406 1581 517 1640 antea
541 1581 623 1638 erat
647 1561 760 1639 unica
783 1561 1013 1676 provincia,
1042 1563 1185 1671 triplex
1205 1591 1318 1644 man·

117 1765 119 1770 ,
156 1677 239 1774 ¹sit,
270 1663 469 1753 Gallaecia
501 1674 681 1771 scilicet,
712 1667 1080 1775 Carthaginiensis,
1107 1701 1147 1755 et
1172 1680 1321 1758 Tarta-

131 1877 133 1884 ,
155 1792 362 1873 emensis:
392 1777 486 1868 baec
502 1789 719 1896 provincia
734 1788 1044 1886 Tarraconensis
1065 1794 1143 1871 hoc
1165 1794 1322 1899 potissi-

161 1925 274 1984 mum
291 1929 472 2015 tempore
489 1921 683 2033 separata
675 1903 749 1981 fuit
762 1897 859 2004 (non
874 1905 984 1984 enim
1001 1908 1147 1984 mansit
1160 1906 1321 2018 eadem)

153 2025 201 2097 et
224 2021 409 2123 decerpta
433 2024 479 2096 ab
501 2043 546 2094 ea
569 2017 801 2123 provincia,
813 2043 922 2122 quae
946 2025 1036 2097 solo
1060 2023 1226 2100 nomine
1247 2023 1323 2100 Hi

152 2135 317 2260 'spaniae
333 2122 548 2206 Citerioris
567 2149 678 2207 antea
693 2131 894 2210 veniebat:
913 2151 951 2208 et
967 2153 1125 2231 tamen,
1142 2157 1183 2212 ut
1198 2161 1324 2216 nemo

118 2237 121 2242 ’
162 2271 245 2325 non
264 2243 400 2338 videt,
403 2231 494 2322 fuit
509 2264 595 2348 pars
616 2243 724 2328 istius
743 2241 972 2350 provinciae
989 2244 1224 2345 Citerioris,
1244 2255 1326 2332 hoc

153 2375 221 2439 rest
237 2343 547 2466 comprehcndit
566 2371 764 2454 tractum,
785 2354 852 2462 qui
872 2359 1177 2439 continebatur
1167 2389 1208 2438 tn
1228 2367 1322 2467 pro-

160 2458 294 2552 uincla
316 2471 516 2550 Citeriori
533 2527 548 2565 ,
575 2497 673 2602 quae
693 2473 796 2548 olim
815 2493 854 2548 et
873 2475 1144 2573 Callaeciam,
1169 2500 1207 2554 et
1226 2475 1325 2556 Cat

10 2631 110 2752 p
160 2589 453 2690 tltaginiensem
472 2586 725 2716 provinciam
748 2591 1097 2706 complectebatur.
1126 2588 1320 2668 Dicam
1291 2617 1323 2671 st

155 2725 305 2812 potero
331 2703 509 2810 planius,
532 2721 572 2777 et
594 2702 759 2808 pressius
787 2701 837 2778 ad
867 2725 953 2779 rem
978 2726 1170 2782 nostram.
1196 2701 1320 2803 Haec,

152 2843 280 2922 quam
301 2843 373 2895 nos
395 2817 623 2912 incolimus,
642 2817 858 2930 provincia
867 2814 1177 2898 Tarraconensis
1187 2875 1202 2916 ,
1222 2841 1323 2898 tern-

143 2955 259 3037 pore
274 2927 532 3009 Constantini
552 2931 742 3039 decerpta
751 2932 825 3011 fuit
845 2953 910 3012 aut
929 2953 1102 3040 separata
1120 2941 1167 3014 ab
1184 2935 1323 3050 Hispa-

161 3045 228 3123 nia
245 3041 439 3122 Citerioti
455 3093 469 3138 ,
497 3047 587 3148 quia
606 3047 795 3152 Hispania
811 3047 993 3127 Citerior
1017 3050 1163 3129 ditissa
1188 3051 1291 3128 fnit
1281 3077 1324 3130 ιιι

106 3180 291 3290 partes
318 3180 395 3236 tres
409 3212 423 3254 ,
453 3182 617 3268 quatum
647 3162 723 3239 alia
749 3163 978 3258 Gallaecia,
1008 3167 1085 3244 alia
1109 3163 1324 3262 Carthagi-

155 3275 337 3370 ·niensis,
361 3278 483 3382 altera
502 3259 809 3354 Tarraconensis
830 3272 928 3371 fuit,
953 3278 994 3353 in
1012 3303 1093 3381 quo
1117 3303 1257 3354 omnes
1274 3279 1322 3378 (e)

156 3387 390 3494 'Gcographi
412 3373 684 3467 consentiunt:
705 3387 825 3486 igitur
844 3391 936 3466 haec
957 3390 1163 3494 provincia
1179 3389 1323 3468 Tatra'

155 3505 345 3578 cunensis
364 3503 437 3580 fuit
457 3521 541 3609 pars
556 3501 767 3607 Hispaniae
782 3499 1014 3583 Citerioris:
1007 3505 1147 3585 aliter
1163 3529 1244 3582 non
1263 3505 1323 3583 in·

109 3705 115 3722 ἱ
161 3617 308 3716 telligo
319 3671 335 3714 ,
359 3642 440 3758 quo
457 3633 574 3726 pacto
593 3618 723 3728 potuit
741 3619 932 3723 Hispania
950 3617 1128 3698 Citerior
1145 3620 1322 3727 triparti-

186 3916 284 4008 (e)
281 3915 355 3974 Vide
373 3937 437 3975 cum
457 3937 555 3975 omnes
573 3867 759 4000 Geographns
778 3933 839 3975 ιιιιιι
857 3916 948 3996 ipsum
967 3918 1123 3980 Horezium
1139 3918 1175 3977 de
1192 3913 1244 3974 hac
1261 3905 1327 3996 pro-

165 3985 320 4057 vinciarum
338 3997 477 4059 divisione
496 4014 628 4080 agentem
646 4012 711 4060 torn.
726 4002 759 4058 V.
775 3999 871 4075 cap...]
