3244 4672
334 335 338 342 .
387 283 739 351 vomuntur.
768 281 879 350 mss.
910 283 1037 349 snex.
1234 258 1294 364 tt

147 449 181 516 ¹„
198 415 293 492 falta
311 413 348 488 el
363 411 514 518 primes
532 411 699 508 renglon
711 464 725 504 ,
738 408 754 486 'i
773 411 812 488 la
826 407 985 501 diction
1006 417 1108 487 VAL
1128 404 1303 516 ptimeta

147 585 182 628 ‚,
200 528 264 605 del
283 524 459 626 segundo
469 581 485 622 ,
505 522 747 632 pudiendose
769 549 877 601 creet
889 579 904 620 ,
928 549 1002 628 que
1020 522 1178 601 hubiese
1201 548 1303 622 mas,

145 692 180 768 .³’
199 647 289 750 pnes
309 643 426 718 acaba
443 665 492 717 en
514 640 640 746 plural
665 635 891 733 EORVM,
915 661 990 742 que
1007 635 1303 742 corresponden

147 811 181 856 ‚,
199 783 220 834 a
237 761 298 833 los
314 753 387 831 dos
403 756 601 854 Augustos
615 751 901 831 Dioeiteiano
892 805 906 848 ,
920 777 945 855 y
961 749 1280 830 Maximiano...

148 925 180 969 ,‚
153 871 252 950 La
266 889 444 975 presente
458 866 631 974 (piedta)
645 891 700 950 no
717 867 824 944 tenia
842 863 1065 966 integtidad
1081 889 1132 944 en
1150 864 1306 972 tiempo

146 1013 178 1082 ,·,
197 983 245 1062 de
274 982 492 1060 Carbonell
506 1038 522 1078 ‚
551 979 684 1060 citado
715 1007 790 1086 por
815 979 977 1087 Pujades
993 977 1069 1080 fol.
1086 1005 1200 1076 195.3
1229 1005 1306 1086 pot

147 1151 180 1197 „
198 1120 316 1192 esto,
344 1096 457 1202 ipot
490 1115 601 1174 cotta
630 1093 780 1172 'ciencia
810 1093 859 1172 de
887 1090 1179 1193 Antiguedades
1207 1093 1305 1172 leie-

147 1266 180 1310 ,‚
199 1239 273 1290 ton
292 1211 451 1316 despuet
470 1209 518 1288 de
540 1205 817 1287 LVPERCVS
841 1233 894 1286 en
913 1212 950 1285 el
973 1207 1115 1310 quinto
1134 1212 1304 1310 tenglon

146 1365 181 1426 5,
199 1321 396 1421 VLERE‚
423 1325 445 1400 i
463 1345 575 1401 otton
591 1321 787 1416 VLERF,
815 1344 937 1399 como
964 1345 1039 1424 que
1062 1321 1245 1425 Luperco
1263 1345 1304 1403 se

145 1493 179 1538 ,,
196 1437 414 1544 apellidaba
433 1435 629 1532 VLERE,
642 1462 673 1513 o
690 1458 814 1514 como
832 1461 906 1540 que
910 1430 1089 1512 sedecia
1108 1447 1142 1514 V
1144 1437 1260 1522 alem
1272 1461 1301 1520 o

146 1555 404 1652 „Valeriani
432 1552 565 1647 filius,
590 1549 691 1628 todo
718 1549 803 1626 mui
831 1575 957 1649 ageno
985 1547 1033 1626 de
1064 1550 1102 1626 la
1128 1549 1301 1655 practica

146 1721 180 1764 „
199 1669 354 1766 antigua
363 1721 378 1762 ,
395 1692 446 1744 en
462 1675 537 1771 qne
553 1669 615 1742 los
631 1663 953 1742 Presidentesno
969 1659 1140 1742 omitian
1160 1687 1203 1742 su
1221 1663 1302 1743 dic,-

135 1793 179 1878 “,,
197 1780 291 1858 tado
312 1780 414 1860 deV
414 1785 451 1858 ir
465 1781 706 1858 clarissimus
723 1803 749 1854 o
769 1774 1083 1882 Pttftctissimus.
1110 1777 1302 1856 Finestre-

146 1919 224 1974 stus
238 1895 287 1974 ad
299 1893 792 2002 hanttnsenpttonem38
801 1892 906 1972 Clas
917 1903 977 1972 Il.
967 1945 1018 1988 .,‚
1013 1889 1100 1972 ct.
1115 1891 1190 1970 Vtt
1204 1891 1303 1975 Ant

146 2061 177 2126 2,
194 2010 438 2089 Mutatorius
461 2034 507 2086 ex
526 2012 582 2087 M.
600 2009 636 2086 S.
647 2007 844 2086 Vaticano
861 2007 960 2104 legit
981 2011 1233 2103 Maximino,
1257 2021 1301 2092 ut

143 2175 176 2218 2,
195 2145 235 2199 et
252 2121 431 2200 Puiades.
453 2121 521 2198 sed
539 2147 634 2198 meo
651 2117 804 2196 iudicio
821 2141 927 2198 tecta
945 2129 1001 2196 e'st
1015 2121 1162 2215 lectio,
1178 2147 1299 2225 quam

143 2234 263 2336 ‚xalii
281 2225 494 2329 exhibent,
521 2231 770 2310 Maximiano
781 2285 797 2330 ,
822 2233 914 2312 huie
934 2231 1045 2312 enim
1066 2259 1150 2312 noo
1171 2234 1300 2314 Maxi

143 2348 310 2445 „mino
337 2347 530 2452 quadrant
552 2347 719 2426 nomina
739 2350 901 2446 Marci,
924 2348 1103 2443 Aurelii,
1132 2347 1302 2444 Valerii,

142 2497 181 2558 ,φ
196 2471 292 2567 quae
303 2461 553 2541 Maximiano
566 2462 980 2558 tribuuntmatmota,
996 2463 1169 2558 nummi,
1180 2457 1302 2542 etan-

141 2609 174 2672 55
190 2578 303 2682 siqua
327 2588 620 2671 monumenta,
651 2599 737 2654 non
762 2575 926 2680 inquam
952 2574 1177 2658 Maximino
1189 2632 1205 2674 ,
1232 2574 1303 2681 qui

141 2711 275 2786 „non
304 2703 494 2786 Marcus,
525 2689 593 2769 sed
624 2694 746 2769 Caius
775 2689 934 2770 dicitur.
963 2689 1152 2771 Pertinet
1169 2713 1303 2772 autem

142 2855 175 2899 2,
192 2807 288 2884 haee
315 2805 521 2912 inscriptio
543 2804 595 2884 ad
617 2832 679 2884 an.
695 2803 794 2882 Chr.
814 2807 909 2884 288.
936 2803 979 2885 in
1007 2829 1127 2910 quem
1154 2803 1301 2887 incid-it

94 3016 96 3018 Ι
137 2931 177 3012 ’,,
194 2918 427 2998 Maximiani
457 2918 646 2998 secundus
672 2917 909 3000 Consulatus
912 2973 1047 2999 ......
1073 2919 1300 3007 Postumius

142 3030 386 3136 ,Lupercus
410 3033 463 3109 V.
478 3033 622 3114 PERF
634 3041 753 3114 habet
780 3059 964 3118 nostrum
991 3061 1202 3132 marmot,
1229 3031 1300 3124 sed

138 3199 174 3246 a>
193 3147 296 3250 apud
312 3145 581 3224 Mutatorium
601 3149 747 3248 legitur
769 3151 850 3226 V
805 3179 832 3228 n
849 3153 977 3229 eninm
970 3149 1059 3258 'l'fi
1044 3178 1128 3234 tus:
1155 3171 1302 3236 vetum

138 3313 174 3360 2,
191 3260 293 3338 nihil
319 3257 554 3338 mutandum
579 3285 745 3358 censeo,
763 3289 857 3340 nam
879 3262 1073 3363 dignitate
1093 3261 1299 3338 Perfectis-

140 3428 174 3474 ,‚
152 3374 351 3452 simatus
381 3375 642 3484 potiebantur
660 3375 859 3454 Praesides
887 3399 951 3452 seu
976 3377 1169 3454 Rectotes
1194 3373 1296 3452 Pto-'

139 3541 173 3586 ‚,
191 3487 411 3569 vinciatutn
428 3501 516 3598 Leg
527 3516 567 3582 4
585 3487 675 3564 cod.
692 3486 833 3570 Tbeod
846 3491 891 3569 de
911 3494 1045 3570 Poenis
1061 3501 1150 3600 Leg.
1164 3517 1199 3581 ς.
1216 3488 1301 3568 eod.

138 3655 172 3700 ,‚
157 3600 278 3680 &cod
289 3599 333 3678 de
345 3605 550 3682 Decurion.
562 3601 661 3682 adeo
676 3622 719 3680 ut
734 3604 879 3735 passim
893 3605 935 3686 in
954 3607 1037 3686 iure
1051 3625 1191 3684 nostro
1205 3607 1296 3686 Viri

139 3769 172 3815 ,‚
190 3715 464 3820 Perfectissimi
483 3715 725 3796 audiantun
737 3720 872 3797 ‚At
843 3745 873 3796 st
896 3723 983 3854 quis
1004 3747 1100 3799 cum
1116 3721 1293 3798 Mutato-

138 3852 177 3938 θ’,
191 3829 254 3912 tio
265 3833 395 3950 iegere
409 3833 527 3914 malit
541 3831 734 3916 VALER.
743 3833 866 3914 F
784 3835 866 3920 V
820 3865 848 3916 a
864 3861 993 3916 ettam
986 3835 1066 3946 fi
1049 3863 1125 3934 tus,
1135 3859 1218 3912 non
1233 3857 1292 3926 te·

1066 4043 1070 4050 .
1119 3971 1299 4056 „pu
