3240 4688
333 227 336 234 .
414 171 1073 258 vouvu.‚xx1111.n1sr.sacn.÷
1255 161 1324 252 ·55

172 339 205 409 ⁷„
222 303 354 400 Tite,
383 301 472 382 sino
495 302 664 382 Tiberio
684 300 830 381 Fabio:
859 304 896 380 el
925 318 1085 380 nuestro
1108 299 1159 380 T.
1180 299 1333 379 Flavio.

173 477 205 520 „
224 422 349 518 Orros
379 415 576 497 Consules
603 417 790 496 Titianos
821 418 930 496 huvo
958 443 1007 495 en
1034 419 1070 494 el
1103 441 1192 510 127.
1220 441 1268 494 en
1298 420 1337 496 el

163 589 206 633 „,
227 563 320 630 245.
340 533 350 610 i
371 559 418 613 en
446 536 483 610 el
506 557 600 624 301.
622 557 720 639 peto
747 535 785 610 la
805 531 952 610 misma
974 529 1163 610 variedad
1186 529 1336 637 impide

141 746 143 755 y
164 703 206 748 .„
223 651 341 727 hacer
358 646 619 728 contraccion
635 647 693 725 sin
711 646 911 754 principio
929 671 1070 745 seguro
1079 701 1100 742 ,.
1114 671 1188 750 que
1207 645 1337 724 deter-

164 817 204 864 „
223 764 346 841 mine.
357 817 389 859 „
410 760 592 840 Primum
609 759 658 841 de
674 762 872 858 Titianis,
886 760 953 867 qui
969 759 1163 839 Consules
1177 761 1336 838 fuerunt

169 902 260 956 ann.
284 904 376 972 127.
397 897 437 954 et
452 903 453 908 ¹
462 881 693 966 301anulla
720 896 851 984 potest
879 899 958 956 esse
987 873 1208 954 dubitatio:
1234 879 1336 954 alter

167 992 283 1072 enirn
298 1016 343 1070 ex
359 989 419 1068 his
433 1017 455 1069 a
469 989 675 1095 multislh)
687 990 868 1088 Coelius,
884 995 983 1070 alter
997 987 1222 1069 Postumius
1238 987 1334 1069 dici·

165 1127 235 1184 tur
247 1133 261 1200 3¹
283 1125 420 1183 neuter
433 1127 531 1206 uero
546 1105 686 1203 Titus,
710 1130 782 1192 nec
795 1103 983 1194 Tiberius
999 1109 1046 1184 ab
1064 1108 1151 1196 ullo
1168 1105 1337 1210 scripto·

165 1246 215 1298 -re
235 1223 477 1326 appellatur,
496 1219 557 1298 cui
578 1220 701 1327 aptari
723 1221 848 1328 possit
865 1223 953 1297 ullo
970 1217 1099 1296 modo
1118 1219 1247 1325 prima
1261 1218 1333 1297 lit-

148 1353 257 1434 ·-tera
281 1331 343 1430 T,
368 1333 530 1439 quaein
557 1333 815 1442 inscriptione
841 1333 1010 1435 legitur:
1040 1335 1188 1414 horum
1214 1331 1336 1432 igitur

165 1448 342 1528 —varietas
370 1447 566 1528 remorari
592 1475 666 1528 nos
688 1476 772 1527 non
794 1447 910 1528 debet
923 1503 939 1546 ,
958 1473 1031 1528 nec
1053 1473 1133 1526 esse
1159 1445 1335 1554 impedi-

164 1585 317 1654 mento
335 1585 487 1672 potest,
503 1585 546 1641 ut
564 1563 693 1642 innuit
711 1563 931 1644 Florezius:
950 1589 1047 1664 crgo
1065 1561 1235 1642 dubium.
1248 1586 1334 1642 non

175 1791 251 1868 fuit
269 1817 358 1874 ann.
375 1821 470 1888 245.
483 1797 592 1872 alter
609 1820 697 1875 ann·
712 1819 729 1882 3
742 1819 804 1886 37·
826 1793 1004 1871 :ultimo
1022 1818 1067 1873 ex
1085 1789 1145 1870 his
1161 1791 1337 1870 tribuen-

167 1907 271 1985 ,ιιιιιιι
294 1931 427 1988 censet
444 1896 788 1990 Tarraconensem
813 1906 987 2016 lapidem
1011 1907 1197 2014 Iosephus
1219 1904 1336 1984 Fine·-

168 2024 365 2118 ·stresius,
392 2048 467 2128 pro
492 2024 602 2102 cuius
630 2024 822 2102 sententia
849 2027 950 2102 nolo
974 2048 1050 2123 ego
1077 2023 1337 2102 vehementer

173 2135 447 2229 contendere,
471 2155 676 2240 tamquam
695 2135 725 2211 si
747 2159 823 2240 pro
843 2135 920 2213 aris
940 2161 985 2214 ac
1003 2135 1103 2215 focis
1121 2135 1336 2214 dimicare-

167 2267 261 2326 tur:
286 2247 384 2354 quid
407 2246 517 2326 enim
540 2249 636 2327 certi
658 2249 701 2328 in
721 2256 834 2354 rebus
855 2270 939 2330 tam
961 2249 1122 2328 incertis
1148 2273 1336 2356 quaerere

168 2368 393 2462 conemur}
418 2388 500 2440 non
519 2387 676 2468 possum
696 2385 829 2444 tamen
847 2391 931 2444 non
947 2362 1120 2444 breviter
1137 2381 1336 2470 propone-

173 2500 215 2554 re
230 2532 245 2572 ,
260 2504 352 2583 quo
375 2475 513 2569 tendat
532 2479 750 2558 Finestresii
774 2479 1014 2560 coniectura.
1040 2479 1179 2579 Quum
1203 2478 1243 2555 in
1260 2502 1335 2558 no·

169 2612 257 2669 stro
280 2617 484 2672 marmore
503 2614 685 2672 occurrat
706 2593 913 2689 Titianus,
929 2594 992 2679 cui
1015 2591 1331 2674 accommodan-

172 2726 236 2785 tur
257 2710 355 2810 sigla
377 2710 447 2787 illa
469 2709 518 2785 V.
540 2705 588 2786 C.
610 2735 707 2816 quae
730 2711 1001 2788 Clarissimum
1023 2728 1062 2788 et
1085 2707 1331 2788 Consularem

169 2827 309 2914 Virum
327 2823 531 2925 designare
549 2847 734 2932 possunt,
749 2852 833 2904 non
844 2823 1006 2904 videtur
1023 2821 1281 2920 absurdum,
1270 2845 1331 2902 ιιι-

168 2937 380 3038 terpretari
397 2941 599 3018 consulari
614 2945 731 3038 Viro,
756 2966 880 3048 quum
902 2961 1090 3048 quatuor
1097 2939 1175 3019 sint
1197 2938 1240 3018 in
1261 2935 1330 3018 Fa·

170 3047 239 3125 sris
259 3046 484 3144 Consules,
512 3057 579 3156 qui
601 3052 757 3134 Titiani
779 3057 976 3136 dicuntur
1003 3055 1203 3135 Hactenus
1230 3056 1329 3132 bene

169 3162 317 3260 habet,
345 3187 471 3268 neque
502 3167 655 3260 abhoc
681 3169 838 3260 videtur
869 3171 1081 3254 abhorrere
1110 3167 1327 3266 florezius,

170 3279 240 3382 qui
263 3297 415 3357 tantum
436 3277 516 3373 ait,
540 3267 662 3385 ipsam
680 3280 940 3362 Titianomm
958 3285 1194 3362 varietatem
1211 3280 1328 3361 nobis

170 3388 467 3522 impedimento
485 3417 564 3472 esse
575 3447 590 3489 ,
618 3419 698 3498 quo
718 3398 848 3474 minus
867 3379 1116 3494 iudicemus,
1138 3395 1188 3475 ad
1209 3421 1331 3504 quem

168 3505 300 3586 llaec
289 3507 497 3616 inscriptio
520 3508 727 3588 referenda
749 3510 812 3588 sit.
837 3509 924 3614 Ego
942 3531 1331 3621 auremputoextru·

1083 3645 1090 3660 '
1110 3628 1270 3713 deudos

180 3765 1319 3798 —nn—-nn-—n--u—-n-p-ffl-ffl--uffl

195 3815 247 3895 (b)
285 3813 358 3876 Vide
377 3816 557 3898 onuphrium
569 3820 761 3888 Panviuium
752 3841 783 3882 ιιι
796 3827 890 3886 suus
905 3822 976 3892 Cos
979 3841 1023 3888 et
1036 3823 1253 3890 Tillemoutiurn
1290 3817 1326 3883 a!

159 3885 216 3965 iios
231 3916 319 3960 annos
335 3899 456 3960 Histoire
473 3901 521 3978 des
542 3904 718 3980 Empereurs.
1029 3943 1062 3956 ..
1104 3945 1107 3957 .
1163 3941 1177 3954 a·
