3240 4688
326 295 344 342 -·
398 289 742 364 vonum'tuunt:
766 294 877 362 mss..
903 293 1030 362 suen.
1083 285 1092 296 ·
1241 257 1282 344 ὅ
1286 275 1301 344 ι

153 443 285 506 antem
316 420 438 502 credo
467 421 758 519 remorabitur,
787 417 903 526 quod
923 415 1132 514 libertinae
1163 416 1307 498 condi·-

152 539 275 618 tionis
292 537 503 615 hominem
521 537 562 615 in
580 534 1097 630 Centurionumotdinem,
1110 553 1149 609 et
1172 534 1213 612 in
1232 533 1305 614 Lea

150 676 288 756 garum
316 651 480 750 Augusti
507 671 744 758 promotum
774 676 855 729 esse
885 649 1082 730 velimus:
1110 647 1307 752 quonism

149 769 232 846 iarn
264 766 305 844 in
336 765 615 846 florentissima
647 787 769 845 aetate
794 765 961 874 Reipub.
982 761 1106 842 Rom.
1126 762 1304 842 militare

88 951 90 956 .
146 899 364 990 coeperant
387 877 592 976 libertini,
618 899 660 956 ut
684 881 792 958 iustis
814 879 944 958 verbis
967 875 1113 955 dicitur
1136 876 1179 954 in
1202 875 1305 985 Epir.

148 999 178 1076 ·l.
194 1025 261 1090 74.
277 994 328 1073 T.
341 993 442 1071 Livii
464 1030 472 1074 ε
492 991 685 1072 Libertini
701 1017 785 1072 tum
799 997 967 1106 primum
984 993 1160 1070 militare
1182 1017 1305 1104 coepe-

151 1117 256 1190 runt.
271 1111 384 1206 Quae
398 1112 516 1186 verba
529 1109 647 1186 fusius
661 1109 856 1214 explicans
869 1107 1110 1186 Freinshem.
1125 1105 1166 1184 in
1180 1111 1305 1220 Suppl.

149 1221 266 1302 huius
287 1219 354 1327 lib.
372 1245 454 1332 cap.
470 1235 504 1300 V
505 1235 539 1296 I.
558 1221 632 1299 ait:
655 1234 881 1330 Numquam
902 1241 1025 1300 autea
1041 1215 1306 1302 libertinorum

152 1337 317 1415 delectus
345 1357 434 1414 erae
457 1331 647 1431 habitus,
678 1339 757 1413 nisi
774 1359 964 1444 perraro,
994 1358 1110 1444 quum
1139 1341 1306 1414 maximi

152 1447 329 1529 bellorum
351 1471 510 1528 terrores
524 1445 652 1528 urbem
669 1454 1004 1526 circumsisterent.
1029 1457 1128 1524 Tum
1143 1475 1233 1527 vere
1244 1463 1309 1528 co*

151 1563 277 1644 horter
301 1563 492 1644 duodecim
515 1568 683 1676 scriptae
696 1619 711 1660 ,
736 1585 774 1642 ec
790 1587 861 1673 per
877 1560 1115 1674 praesidia..
1219 1563 1307 1665 for-

151 1701 229 1760 tem
244 1679 466 1789 fidelemque
496 1702 643 1789 operam
674 1675 970 1786 Imperatoribus
998 1695 1037 1752 ec
1067 1672 1309 1786 Reipublicae

147 1796 442 1904 praestiterunt.
469 1793 656 1873 Deiectus
682 1791 967 1869 libertinorum
988 1788 1070 1864 iam
1098 1811 1211 1866 antea
1238 1795 1310 1872 ha-

153 1907 257 1986 bitos
290 1906 331 1986 in
367 1913 478 1988 rebus
513 1905 677 2016 trepidis
711 1927 924 2010 cognosces
955 1927 1004 1985 cx
1034 1906 1125 1983 Liu.
1153 1897 1219 1984 lib.
1243 1931 1308 1986 10.

153 2045 236 2132 cap.
258 2049 324 2100 21.
351 2045 390 2098 et
417 2020 483 2100 lib.
502 2049 679 2134 aarap.
700 2047 762 2100 11.
828 2063 830 2068 v

156 2147 160 2154 “
211 2136 301 2211 Nos
324 2135 444 2233 igitur
462 2135 632 2212 libenter
654 2131 934 2240 amplectimur
953 2132 1309 2220 lectionem-Fine-⁸

154 2246 312 2341 stresii,
338 2266 377 2326 et
395 2252 517 2326 telam
534 2245 705 2326 Florezii
730 2269 943 2328 retexentes
962 2248 1010 2327 de
1029 2253 1157 2328 altero
1175 2253 1218 2330 L.
1231 2251 1308 2333 Ta·

151 2359 223 2438 dio
248 2362 399 2458 Legato
421 2362 585 2462 Augusti
609 2362 837 2470 provinciae
859 2363 1070 2468 Hispaniae
1094 2363 1310 2446 Citerioris

40 2504 43 2508 ·
152 2470 335 2579 deinceps
354 2501 514 2576 agemus
522 2497 538 2572 ,'
555 2477 765 2588 proposito
791 2477 969 2585 primum
991 2479 1252 2576 brevissim0,
1270 2501 1311 2561 et

154 2586 365 2688 ingenioso
388 2591 657 2670 Cervariensis
677 2590 909 2672 Academici
937 2595 1234 2674 commentario
1262 2595 1313 2676 ad

153 2703 256 2781 hanc
282 2704 623 2813 inscriptionem,
654 2731 752 2812 quae
776 2725 835 2784 est
862 2704 904 2782 in
925 2708 1031 2786 clas.
1047 2721 1094 2791 V.
1108 2737 1224 2788 mum.
1244 2738 1313 2807 433

154 2857 187 2914 5,
204 2819 343 2916 Quum
361 2821 479 2900 Tadii
502 2820 731 2919 videantur,
756 2819 909 2928 inquit,
934 2848 981 2901 ex
996 2823 1162 2904 vfamilia
1186 2825 1310 2905 liber.

154 2951 189 3024 55
206 2929 413 3027 tinorum,
440 2953 482 3014 ut
504 2935 606 3013 mihi
629 2935 1008 3045 indicatssinscriptio
1025 2941 1182 3035 VI.·87.
1205 2948 1312 3026 arbi*

154 3083 189 3142 5,
209 3047 337 3120 trabat
352 3049 562 3143 legendum
577 3063 622 3127 L.
633 3054 758 3130 Tadio
775 3055 907 3131 Simili
917 3067 959 3132 G.
972 3065 1014 3130 L.
1030 3056 1133 3153 (hoc
1146 3079 1203 3136 est
1219 3062 1313 3142 Caii

153 3209 187 3256 ρ,
206 3159 392 3260 Liberto)
411 3170 556 3268 Legata
574 3169 743 3273 Augusti
759 3178 821 3242 Pr.
838 3179 890 3246 H.
907 3173 987 3245 Cic.
1006 3169 1053 3246 C.
1069 3170 1118 3249 V.
1134 3174 1313 3271 (scilicet

152 3311 186 3370 5>
205 3276 293 3357 Caii
318 3277 450 3354 Vetna
481 3295 570 3352 nata
597 3301 642 3354 ex
669 3279 814 3358 ancilla
841 3279 1087 3384 domestica)
1106 3303 1312 3374 lernaeam

153 3439 188 3485 ‚2
204 3395 313 3472 Fecit
314 3443 408 3468 .....
426 3385 544 3470 Caius
562 3391 667 3468 forte
683 3413 741 3470 est
760 3392 827 3469 itte
842 3391 891 3471 C.
906 3395 1055 3476 Tadius
1068 3403 1116 3482 C,
1133 3406 1312 3492 Libertus

87 3515 107 3534 ‘¹
154 3553 187 3620 ρ,
205 3506 244 3583 d.
267 3503 536 3610 inscriptionis
556 3509 648 3599 87..
668 3505 714 3584 In
734 3503 781 3584 C.
799 3507 841 3584 L.
859 3509 890 3586 si
909 3541 993 3596 non
1016 3513 1239 3602 advertatur
1260 3524 1310 3604 li.

152 3675 186 3721 ‚,
205 3621 322 3700 neola
351 3617 518 3697 inferior
540 3613 730 3728 punctum
754 3646 1024 3730 connectens,
1051 3637 1167 3716 facile
1188 3642 1312 3720 errari

152 3771 184 3836 5,
204 3753 358 3843 potest,
376 3755 415 3812 et
433 3735 549 3813 scribi
569 3733 616 3814 C.
635 3737 738 3817 1..Si
757 3741 853 3817 haec
872 3771 953 3824 non
971 3752 1127 3856 placent
1137 3809 1155 3850 ‚
1173 3753 1308 3838 dicam

151 3902 184 3957 „
201 3849 283 3962 sine
310 3851 537 3959 ambagibus
543 3884 560 3972 2'
578 3853 732 3938 nomen
752 3855 839 3972 uiti¹
860 3861 976 3974 fuisse
998 3869 1186 3965 Similes,
1205 3890 1245 3947 et
1264 3858 1313 3954 iu

1127 4003 1255 4086 uates}
1305 4022 1308 4030 “
