3244 4710
279 305 299 355 -'
333 355 335 358 .
373 299 553 367 voLVM.
578 295 722 362 xxmn
747 293 859 362 HISP.
885 295 1014 362 SACR.
1190 284 1282 346 201
1299 313 1302 320 ·

137 435 342 536 portunus.
371 424 616 508 Hanehabet
637 421 873 500 sententiam
902 417 1033 497 oratio
1050 417 1292 502 Finestresii:

136 543 199 648 Μ.
221 541 387 634 Aeastus
400 559 608 645 tempore,
637 561 718 641 quo
738 533 939 614 dedicavit
954 535 1032 612 hoe
1052 549 1303 641 monumenq-

138 675 227 733 tutn
249 651 465 760 (quoniam
486 653 527 730 in
545 675 600 730 eo
626 674 777 732 nomen
803 651 920 726 habet
946 648 1152 754 proprium
1179 647 1296 729 liberi

138 768 349 864 hominis,
371 787 411 846 et
437 789 520 846 non
545 766 677 864 servi)
704 791 839 842 serves
860 783 964 839 certe
983 789 1060 840 non
1085 783 1192 842 erat:
1216 781 1299 840 erat

136 880 466 970 tamenlibertus
492 931 508 976 ‚
542 878 633 984 quia
658 876 701 954 id
730 875 926 955 indicatur
951 875 1084 954 littera
1108 877 1168 973 L,
1199 901 1297 981 quse

140 995 186 1076 in
211 993 475 1100 inscriptione
495 1012 580 1090 est,
609 1013 648 1070 et
673 991 789 1070 liberi
807 1015 959 1068 nomen
987 993 1179 1087 habebat,
1205 991 1300 1096 quia

141 1109 221 1188 hoe
236 1108 520 1188 eumlibertare
539 1126 738 1213 acceperat
754 1125 961 1199 mutuato,
988 1123 1029 1180 nt
1057 1104 1183 1182 moris
1198 1123 1297 1201 erat,

140 1223 310 1308 nomine
325 1248 349 1300 a
365 1241 531 1328 patrona
554 1244 620 1298 sua
647 1218 685 1297 F.
705 1221 861 1296 Aratea.
891 1217 929 1294 Si
958 1217 1208 1296 Finestresius
1238 1217 1298 1297 di·

138 1337 282 1430 xisset,
311 1363 445 1414 servus
460 1355 559 1412 certe
572 1332 771 1434 nonfuit,
799 1353 892 1408 tunc
909 1355 983 1408 nos
1000 1353 1196 1436 premeret
1211 1359 1298 1410 ora·

142 1441 203 1528 tio
232 1449 416 1528 Florezii.
453 1449 572 1528 Nune
590 1468 721 1525 tutem
748 1437 829 1522 non
859 1444 1075 1542 intelligo,
1107 1443 1204 1549 quid
1226 1448 1305 1528 iste¹

141 1563 217 1644 sibi
231 1564 329 1664 velit
343 1563 424 1640 illis
440 1566 569 1642 verbis
592 1593 600 1639 ε
615 1560 717 1672 pudo
731 1562 864 1636 orririr
883 1561 920 1636 el
938 1585 1073 1636 servus
1099 1583 1199 1638 certe
1224 1590 1303 1642 non.

145 1699 262 1772 erat,
290 1677 359 1756 sed
383 1673 496 1754 liberi
518 1701 651 1756 nomen
679 1669 793 1750 haber
808 1703 816 1747 :
827 1696 922 1782 puer
945 1699 994 1750 κο
1025 1676 1127 1750 tiene
1151 1673 1307 1754 nombre

146 1791 190 1870 de
205 1787 327 1886 libre,
348 1794 433 1868 sino
451 1790 569 1900 elque
583 1815 684 1866 conto
709 1791 836 1864 siervo
862 1781 965 1864 tomo‘
991 1785 1036 1863 de
1065 1815 1110 1864 srr
1135 1799 1297 1866 seriora:

147 1903 215 1984 sed
231 1908 309 1983 hoc
335 1927 394 1982 ese
424 1926 558 1984 temen
582 1927 733 1982 nomen
764 1899 880 1979 liberi
907 1899 1079 1978 omuino
1106 1902 1302 1999 hominis,

145 2039 282 2127 proter
298 2017 408 2122 quod
420 2044 504 2096 non
533 2017 669 2098 debuit
695 2015 917 2110 omittere,
941 2012 1010 2092 sed
1040 2037 1143 2092 reete
1171 2018 1303 2124 posuit-

146 2133 425 2212 Einesttesius:
452 2159 585 2210 seierus
600 2153 700 2208 certe
714 2157 790 2207 non
805 2150 920 2221 erat,
945 2130 1012 2207 sed
1032 2127 1145 2207 liberi
1170 2160 1303 2210 nomm

147 2241 262 2354 babet
273 2301 289 2343 ,
317 2271 367 2324 ne
386 2245 471 2351 quis
484 2271 531 2326 ex
548 2270 626 2339 eo,
661 2243 770 2350 quod
796 2241 963 2319 Aeastus
995 2267 1153 2323 voearet
1171 2246 1308 2332 domi,

146 2385 242 2440 nam
263 2359 481 2457 Arascam,
511 2378 663 2467 putaret
681 2361 797 2438 illum
815 2381 896 2434 esse
910 2379 1079 2472 seryum.

149 2529 174 2552 ·.
203 2467 337 2582 Pergit
362 2473 595 2572 florezius,
624 2493 664 2550 et
693 2501 796 2565 rrum,
817 2497 879 2558 19·
898 2470 1011 2568 sit),
1034 2473 1088 2551 La
1109 2473 1326 2582 interpre-.

147 2635 179 2688 9,
196 2590 330 2668 ration
347 2586 397 2666 de
411 2589 531 2672 Retes
553 2587 647 2692 (qui
663 2586 815 2666 scilieet
828 2588 1169 2688 quatuor'oltimts
1189 2590 1307 2676 huius

148 2703 419 2811 inscriptionis
449 2703 601 2780 litteras
626 2703 905 2806 interpretatur
918 2751 934 2792 ,
966 2703 1144 2781 Titulum
1182 2704 1306 2806 Ilrrfus

147 2831 264 2896 Pater
287 2819 524 2920 Dedicrvit)
544 2814 671 2922 queda
686 2816 778 2894 bien
811 2811 987 2892 rebatids
1012 2841 1084 2922 por
1102 2817 1306 2896 Finestres.

147 2929 287 3028 „Este
314 2930 382 3008 dio
400 2955 551 3032 otraen
575 2936 616 3028 la
634 2931 746 3008 Nota
763 2928 933 3033 impresa
956 2932 993 3012 al
1013 2929 1074 3035 pie
1090 2928 1138 3008 de
1165 2936 1204 3010 la
1220 2932 1308 3011 edi·
1378 2979 1380 2982 ·
1466 2981 1470 2997 ·

148 3097 181 3144 „
200 3042 292 3122 cion
318 3041 368 3121 de
393 3043 544 3140 Retes,
578 3043 768 3125 dieiendo
787 3077 795 3121 ι
816 3037 908 3118 Tibi
935 3044 1106 3123 Reddam
1134 3052 1309 3124 Praemia

147 3209 181 3258 „
197 3159 327 3254 Divi,
362 3160 402 3234 la
419 3161 509 3262 qttal
528 3183 677 3263 aunque
693 3158 742 3235 da
759 3155 951 3234 sentidoa
968 3163 1023 3236 las
1046 3161 1160 3238 cifras
1191 3161 1240 3238 Τ.
1259 3162 1310 3242 R.

149 3317 185 3371 3,
199 3271 242 3350 P.
260 3271 312 3350 D.
340 3297 394 3354 no
417 3275 483 3350 fue
502 3269 698 3377 adoptada
714 3274 851 3377 por-el
869 3271 1019 3348 mismo
1037 3273 1168 3354 Autot
1196 3299 1242 3352 en
1271 3281 1311 3358 lt

149 3439 182 3484 „
200 3391 298 3466 obra
327 3389 525 3495 posterior
555 3384 604 3462 de
634 3389 778 3497 Sylloge
806 3389 1140 3496 Inscriptionum,
1172 3391 1209 3466 ni
1236 3417 1311 3470 sun

149 3537 182 3599 ·„
206 3500 334 3587 citada
362 3533 373 3578 ι
403 3502 414 3578 i
441 3506 538 3602 'solo
563 3524 668 3608 pone
686 3505 733 3578 la
758 3499 950 3596 siguiente
965 3557 979 3596 ‚
1012 3511 1310 3583 Tarraconensis

149 3667 182 3711 ,‚
199 3617 267 3715 Rei
280 3610 457 3696 Publicae
473 3628 677 3712 Decretms
696 3618 740 3692 lo
757 3641 831 3720 que
847 3641 886 3692 es
900 3640 984 3693 mas
1002 3620 1213 3695 conforme
1233 3614 1310 3701 con

149 3733 239 3826 „el
266 3729 385 3810 ettilo
413 3727 462 3806 de
494 3727 805 3834 inscriptiones„
834 3729 943 3806 icon
967 3734 1002 3808 la
1029 3733 1313 3812 circunstaneit

92 3891 94 3898 ·
146 3843 252 3942 ,μὴ
274 3868 340 3953 ser
360 3841 501 3955 piedtt
528 3841 580 3938 de
602 3844 838 3940 Tarragona
854 3850 886 3892 “
910 3845 1312 3954 eet.1nterpre'tnrio·
1339 3892 1343 3910 .-

722 3954 784 4054 Cc
1161 3987 1258 4041 nem
