3240 4688
155 247 159 264 ἃ
283 141 345 246 56
483 142 1263 240 FINESTRESIVSVINDIC.A'CAP.X1.

271 289 427 371 dendos
453 301 532 372 esse
560 315 766 404 tamquam
795 301 841 376 ab
870 298 1071 376 hocloco
1093 297 1250 376 'alienos
1275 292 1435 396 Con'su-

270 405 327 486 les
351 435 440 486 ann.
462 435 552 503 1¹27.
571 433 610 489 et
636 439 728 501 301.
745 433 909 520 propter
927 411 1130 508 rationes,
1149 436 1242 518 quas
1260 413 1434 519 superius

270 522 472 602 indicavi:
503 547 619 604 restat
647 527 798 628 igitur,
827 549 869 604 ut
899 525 1213 621 constituamus,
1240 546 1327 604 uter
1355 529 1434 622 utri

261 635 547 746 praeferendus
582 641 633 718 sit
665 668 710 718 ex
746 640 986 720 Consulibus
1021 668 1108 720 ann.
1139 669 1234 736 245.
1265 659 1305 716 et
1338 667 1433 736 337.

264 757 576 859 Quemcumque
595 781 640 833 ex
656 757 715 832 his
730 755 900 836 velimus
914 779 993 832 esse
1008 760 1189 832 nostrum
1205 753 1447 855 Titianum,

271 869 386 947 fateri
411 887 516 946 cette
542 868 755 966 debemus,
777 890 952 948 erratum
976 869 1094 948 fuisse
1121 889 1301 966 nomen,
1321 870 1433 976 posi-¹

270 1005 435 1112 tumque
461 979 639 1066 Flavium
665 1011 744 1116 pro
765 983 914 1082 Fabio,
941 983 1049 1089 quod
1075 1009 1161 1062 non
1179 1005 1448 1092 magnopere.

268 1098 415 1176 miror
440 1096 650 1195 Titianus,
679 1127 747 1205 qur
736 1097 943 1178 Consul
952 1099 1027 1177 fuit
1052 1124 1143 1176 ann.
1166 1124 1260 1192 245.
1289 1101 1337 1176 ab
1360 1101 1430 1178 alt

269 1211 441 1318 quibus,
468 1233 511 1289 ut
540 1213 594 1292 ait
621 1215 911 1294 Tillemonrius
942 1213 991 1292 ad
1023 1214 1124 1293 hunc
1149 1237 1325 1309 annum,
1348 1209 1432 1302 Ta&

259 1326 397 1406 tianus
415 1331 655 1435 appellatur:
686 1351 883 1438 praeterea
901 1331 944 1410 in
968 1329 1104 1406 multis
1127 1348 1165 1404 et
1187 1325 1444 1420 emendatisag·

264 1441 381 1522 »simis
404 1442 523 1519 Fastis
546 1444 783 1550 simplicitet
805 1443 950 1523 dicitur
969 1443 1153 1521 Titianus
1175 1444 1291 1520 nullo
1317 1461 1434 1546 prae-3¹

264 1554 438 1636 'nomine
454 1552 567 1652 Titi,
587 1583 659 1637 nec
677 1557 853 1636 Tiberii:
883 1557 1104 1636 Consulem
1122 1580 1219 1636 vero
1234 1579 1322 1633 ann.
1336 1583 1351 1645 3
1366 1583 1430 1653 55.

267 1690 497 1751 constanter
523 1675 583 1775 (i)
608 1669 728 1752 video
752 1676 799 1754 ab
823 1673 1009 1753 omnibus
1026 1666 1243 1750 Tiberium
1263 1670 1429 1754 Fabium

265 1781 479 1877 ,Titianum
498 1787 697 1896 appellari.
717 1789 811 1866 lam
832 1786 864 1866 si
881 1788 936 1869 ita
950 1807 1047 1866 esset
1057 1843 1072 1884 ,
1088 1782 1284 1894 pertinere
1297 1787 1441 1892 potius.

261 1896 470 1980 videretur
503 1904 599 1981 haec
633 1901 844 2008 inscriptio
874 1901 924 1980 ad
958 1901 1181 1980 Consulem
1213 1925 1302 1978 ann·
1333 1926 1428 1995 3371.

262 2038 391 2119 ‘quam
414 2013 465 2094 ad
487 2019 680 2096 alterum:
707 2016 866 2095 facilior
887 2015 998 2096 enim
1020 2014 1226 2122 lapsus'est
1244 2036 1428 2093 marmot·
1454 2093 1456 2098 .

261 2126 364 2206 -rarii
381 2129 616 2210 amittentis
636 2132 812 2210 litteram
837 2131 855 2210 Ι
878 2129 921 2210 in
943 2127 1002 2210 Tl
1013 2185 1029 2228 ,
1051 2153 1171 2236 quam
1193 2129 1428 2236 exproprio

260 2246 433 2324 ‘terebro
447 2247 633 2352 ponentis
653 2247 831 2327 litteram
843 2246 897 2343 T,
913 2245 978 2326 ubi
997 2249 1105 2324 nulla
1122 2268 1202 2324 esse
1219 2241 1443 2323 debuisset.-

257 2354 473 2439 ·Praeterea
504 2360 546 2440 in
578 2359 894 2464 diligentissimis
924 2358 1208 2467 scriptoribus,
1236 2385 1258 2437 a
1285 2357 1446 2464 quibus⁴

259 2471 370 2550 nihil
390 2477 709 2579 praetermissum
729 2478 844 2557 fuisse
863 2474 1007 2572 video,
1033 2471 1144 2603 quod
1161 2471 1210 2551 ad
1228 2475 1426 2552 illustrant·

267 2584 341 2665 dos
360 2589 492 2668 Fastos
505 2590 745 2672 Consulares
761 2591 959 2699 pertinere
974 2587 1121 2697 possit,
1141 2590 1249 2664 nulla
1268 2588 1425 2666 mentio

262 2702 315 2780 iit
338 2700 540 2804 dignitatis
553 2763 568 2806 ,
591 2735 666 2814 qua
682 2706 865 2786 Titianus
889 2729 976 2784 ann.
997 2729 1091 2796 245..
1104 2700 1362 2777 decoratus
1340 2722 1426 2778 tue

262 2815 344 2896 rit:
370 2839 513 2898 contra
539 2845 671 2900 autem
693 2820 824 2900 video
839 2821 983 2896 multas
1006 2811 1320 2891 aTillemontio
1340 2833 1423 2892 me'-
1439 2869 1442 2873 -

264 2955 418 3010 morari
408 2932 669 3032 dignitates,
683 2931 733 3011 ad
751 2957 844 3037 quas
857 2927 1040 3008 Titianus
1057 2952 1144 3005 ann
1160 2950 1252 3020 337
1267 2947 1444 3008 evectus,

264 3045 369 3125 fuit:
406 3049 460 3125 ait
490 3049 601 3127 enim
633 3047 748 3124 fuisse
774 3045 1064 3124 Proconsulem
1089 3041 1240 3138 Asiae,
1271 3043 1442 3123 Praefers

266 3182 378 3242 ctum
396 3161 497 3243 Vrbi
519 3184 558 3240 et
576 3161 796 3240 Galliarum
811 3214 826 3258 ,
852 3179 1056 3268 partesque
1077 3177 1213 3264 postea
1230 3157 1422 3256 Magneti,

263 3276 316 3354 ‹tii
332 3297 538 3384 sequutum
556 3281 733 3385 legatum
750 3275 865 3357 fuisse
879 3273 1045 3355 missum
1060 3271 1110 3356 ad
1122 3269 1423 3379 Constantium,
1438 3341 1441 3348 .

1266 3411 1417 3492 quae:::

260 3509 1430 3606 ἤια-...μ-Μ--ι--ᾲ--υ--υ-ψ

307 3649 346 3726 (i)
383 3649 418 3706 ln
435 3641 621 3708 Tillemontio
639 3647 765 3707 Histoire
789 3645 837 3704 des
855 3645 1019 3721 Empeteurs
1036 3639 1071 3698 ad
1090 3659 1155 3698 ann.
1170 3661 1239 3718 337.
1259 3635 1328 3700 haec
1346 3641 1423 3720 leges

268 3729 420 3789 adnotata.
430 3733 540 3787 Socrate
555 3728 604 3787 lib.
617 3749 643 3790 ι.
659 3745 761 3804 capua
766 3741 803 3784 .er
818 3727 848 3782 la
862 3723 1064 3798 chroniqued’
1072 3719 1244 3778 Alexandria
1267 3723 1335 3796 pag.
1350 3724 1422 3780 668

266 3813 290 3868 1²
293 3811 380 3888 :appel
381 3811 438 3868 lent
454 3811 482 3867 T
478 3822 574 3878 555555
587 3829 619 3876 ce
632 3827 683 3890 que
697 3811 762 3870 Mt.
775 3809 935 3882 liu-Gange
950 3803 995 3860 dit
1012 3815 1067 3860 etre
1089 3820 1141 3861 urie
1160 3797 1245 3881 faute
1260 3798 1424 3861 condamue'e

267 3907 319 3954 aar
334 3907 393 3952 tous
410 3893 448 3951 les
459 3889 562 3971 faties.
