3244 4710
415 263 593 332 votvm.
619 255 1047 330 strennuissime.
1128 303 1133 310 .
1227 217 1284 316 18
1292 249 1319 347 3

150 444 185 494 „
203 381 305 471 falso
321 391 558 470 testimonio
578 393 728 468 ereerln
743 387 912 468 airadida
938 411 1012 495 por
1030 390 1173 468 resulta
1201 385 1259 468 de.
1278 395 1319 474 la

154 527 187 608 ·,,
206 505 351 584 fiction
366 504 574 613 publicaria
588 528 637 582 en
653 509 823 583 nombre
839 505 888 582 de
905 504 1031 582 Iulian
1062 501 1182 582 Perez
1198 557 1214 600 ,
1242 531 1319 609 que

156 673 189 720 „
207 618 367 697 leiendo
394 620 483 726 aqui
501 645 521 698 a
539 617 643 697 Caio
661 619 765 697 Iulio
787 621 945 698 Loscho
975 617 1194 716 (Finestres
1212 642 1319 723 pone

155 729 411 835 „Roschurt
446 735 619 812 Grutero
659 731 869 814 Ruschus:
910 721 1072 839 Pujades
1103 732 1182 835 fol.
1228 757 1321 820 191⁶

156 873 189 948 ,·‚
207 845 356 927 Lochrrs
384 879 392 926 ι
421 852 459 926 la
477 847 639 927 edicion
658 847 714 926 -de
744 849 869 926 lulian
899 848 1019 925 Perez
1045 872 1095 925 en
1124 853 1162 925 el
1188 843 1324 926 Chro«

158 999 191 1062 5,
210 966 330 1042 nicon
361 972 549 1055 numos.
578 975 736 1040 loscur:
769 964 945 1042 Morales
970 958 1158 1062 Josclrur)
1190 962 1199 1037 i
1231 987 1322 1040 ere-t

156 1113 188 1178 ς,
206 1077 327 1156 iendo
340 1103 414 1182 que
432 1077 551 1156 rudos
564 1080 626 1156 los
639 1075 827 1156 soldados
852 1076 901 1155 de
917 1081 953 1154 la
967 1077 1120 1176 Legion
1135 1073 1217 1153 XII
1232 1075 1326 1154 Fut..

155 1229 188 1290 5>
208 1193 396 1272 minatrix
414 1195 555 1270 fueron
582 1192 750 1288 santos,
777 1193 872 1268 hizo
888 1191 1030 1269 Martis
1047 1217 1067 1268 a
1084 1212 1163 1268 este
1198 1191 1327 1288 Iulio,-

154 1341 187 1405 5,
207 1304 380 1384 dandole
399 1329 472 1412 por
490 1306 649 1411 patrita
666 1301 836 1384 cordoba
855 1329 932 1383 con
950 1309 988 1382 la
1004 1303 1147 1381 misma
1172 1304 1327 1382 autori«.

157 1465 190 1521 5,
209 1417 312 1515 dad,
344 1421 356 1497 i
386 1419 579 1516 licencia,
607 1445 681 1526 que
712 1421 820 1498 Feliu
847 1425 884 1498 le
912 1420 1007 1496 hizo
1023 1417 1072 1496 de
1090 1419 1324 1516 Tarrngona

157 1571 190 1634 5,
210 1535 334 1633 (eada
351 1559 431 1612 uno
457 1559 533 1641 por
558 1559 599 1612 su
625 1536 838 1642 capriehoi
858 1535 1080 1613 Ambrosio
1111 1531 1160 1609 de
1189 1535 1326 1612 Mota·

158 1667 191 1750 ,3
212 1653 299 1744 les,
326 1675 400 1753 que
417 1646 576 1753 publico
600 1669 679 1726 esto
705 1641 841 1755 pied'ra
867 1669 974 1728 antes
992 1647 1041 1726 de
1057 1649 1250 1747 froguarse
1267 1651 1326 1732 lat

160 1818 193 1862 ‚,
212 1760 465 1840 fictiones-de
485 1762 612 1844 Iulian
635 1761 785 1859 Perez',
804 1765 852 1842 ia
878 1762 1057 1869 estnmp6
1079 1789 1129 1840 en
1143 1785 1185 1838 su
1202 1757 1269 1850 lib,
1285 1789 1327 1846 9.

159 1895 193 1977 3,
209 1903 286 1988 cap.
304 1903 322 1966 3
332 1903 370 1963 9.
389 1901 466 1956 eon
494 1875 533 1955 D
564 1874 609 1956 Μ
642 1876 701 1954 sin
731 1879 770 1956 Ο
798 1900 849 1960 en
880 1877 1041 1957 medio:
1060 1876 1145 1954 i'asi
1163 1899 1203 1953 es
1220 1879 1323 1956 lerra

159 1989 379 2090 „atiadida
407 2018 497 2096 para
524 1992 642 2092 fingit
668 1995 844 2075 formula
875 1991 1102 2072 Christiana
1119 2004 1199 2068 Deo
1218 1992 1330 2101 Opti«

160 2121 194 2204 ,'‚
210 2131 269 2182 mo
296 2112 499 2202 Maximo,
530 2103 649 2183 desde
665 2132 740 2209 que
758 2107 959 2210 quisieron
989 2111 1166 2184 levantar
1189 2103 1241 2184 de
1267 2129 1329 2194 esa

160 2241 194 2319 tr'
211 2239 249 2296 ta
263 2218 397 2325 piedra
414 2239 465 2300 un
479 2219 565 2326 hijo
582 2216 633 2296 do
648 2219 835 2298 Abrahan
851 2213 1122 2298 martirizado'.
1139 2227 1171 2270 ‘⁶
1299 2287 1302 2296 .
1326 2295 1328 2302 ,

165 2369 172 2380 ·
220 2332 329 2412 Haec
346 2333 413 2438 qui
441 2339 577 2435 leget,
607 2353 762 2414 tantum
783 2333 1058 2432 existimabit,
1086 2359 1137 2414 ex·
1154 2334 1233 2412 hoc
1260 2334 1326 2416 102.

161 2463 213 2528 eo
240 2438 495 2558 tribuendum
525 2465 606 2526 esse
634 2448 908 2546 Fi'nesttesiO,
940 2449 1050 2555 quod
1085 2443 1328 2554 descriptam

163 2562 279 2642 aliter
292 2585 336 2640 ae
351 2563 477 2642 fuerat
503 2563 723 2672 aetutem
750 2564 931 2644 exhibent
942 2561 1254 2670 inscriptionem
1279 2588 1327 2648 ex

163 2674 323 2756 Andrea
348 2673 517 2762 Schotto
533 2676 573 2752 in
587 2677 711 2757 Notis
725 2676 773 2756 ad
787 2677 1058 2775 Frontinum,
1087 2700 1126 2756 et
1147 2675 1257 2783 quod
1272 2680 1330 2764 le·‚

162 2811 230 2889 gat
250 2783 444 2888 northus,
475 2790 542 2870 ubi
573 2788 760 2870 Gruterus
782 2791 982 2890 nuscitur,
1014 2785 1054 2870 'e't
1084 2792 1151 2874 alii
1184 2791 1323 2888 aliteri

164 2893 356 2981 ettamen
384 2926 508 2984 nemo
531 2929 617 2984 non
648 2900 847 3011 intelliget
860 2963 876 3006 ,
905 2907 1131 2988 illaomrtia
1146 2907 1230 2986 iam
1256 2933 1330 2988 an·

164 3011 230 3096 t'ea
247 3017 360 3094 fuisse
385 3019 533 3099 Latinis
558 3041 601 3098 et·
623 3045 843 3126 numquam
873 3022 1185 3104 intermorituris
1211 3023 1328 3103 Fine-

165 3132 292 3214 stresii
309 3131 451 3211 litteris
468 3134 728 3242 sempiternae
744 3141 960 3219 hominum
977 3138 1201 3217 'memoriae
1219 3163 1331 3224 come

164 3247 362 3327 mendara.
394 3247 453 3326 Ita
479 3250 589 3327 enim
619 3251 735 3328 habet
765 3279 868 3330 num.
888 3250 949 3348 1'5,
980 3251 1083 3335 clar.
1113 3265 1160 3332 V.
1184 3307 1216 3349 „
1247 3254 1331 3340 De-,

162 3411 197 3464 ,‚
216 3361 351 3468 scripsi
368 3359 613 3471 epitaphium
629 3359 675 3442 ex
695 3364 856 3444 Andtes
879 3369 1047 3448 Schorto
1066 3365 1112 3443 in·
1126 3365 1249 3446 Notis
1277 3365 1327 3454 ad

163 3527 195 3581 9,
212 3475 478 3574 Frontinum,
505 3481 649 3592 quippe
675 3481 743 3584 qui
770 3481 999 3563 Tarracone
1016 3476 1160 3584 degeris
1191 3483 1326 3564 videre

160 3594 371 3701 „potuim
398 3613 437 3670 et
451 3595 651 3692 exactius,
676 3613 801 3699 ⁴eptam
818 3597 885 3674 alii
895 3587 1130 3705 ,exemplar
1149 3623 1324 3680 sumeret

128 3794 131 3798 ,
164 3723 196 3806 3,
214 3725 328 3820 norat
359 3705 438 3811 ipse
454 3761 468 3802 ,
496 3704 639 3787 vitiose
669 3703 872 3818 inlepide
905 3715 1094 3820 scriptum
1120 3737 1200 3794 esse
1230 3717 1323 3798 Ful'

163 3867 195 3922 2,
213 3846 354 3920 menn,
385 3822 932 3930 sed-nescit1rulmine102n
956 3828 1235 3931 Fulminifirae
1262 3840 1318 3914 leq

1129 3999 1162 4052 ῃ
1174 3972 1273 4051 gell}
