3240 4688
411 265 590 333 vonvst.
618 263 760 365 txnn.
784 258 899 330 tuso.
925 260 1054 328 saon.
1268 205 1348 344 57'

165 393 371 502 ‘qnaefere
397 391 538 470 omnia
562 387 805 470 conveniunt
830 411 921 466 cutn
950 383 1249 468 commentatio
1271 387 1334 465 fis

167 506 347 588 nestresii
372 506 420 584 ad
440 509 540 586 hanc
560 503 895 610 inscriptionem,
920 522 1093 607 quaeest
1114 502 1154 578 in
1173 529 1276 580 num.
1295 527 1334 580 t.

143 626 395 706 AElaallll.
418 623 677 724 Quamquam
694 642 792 698 veto
814 617 854 695 in
876 639 1017 694 nostro
1036 613 1166 722 lapide
1188 618 1331 696 hatum

169 763 305 816 tetum
324 739 434 820 nulla
455 735 612 812 mentio
636 735 703 812 fiat
715 785 731 828 ,
758 732 890 838 potuit
914 730 1174 830 contingere,
1196 749 1237 806 ut
1264 729 1333 808 dc»-

2 844 6 853 '
55 873 56 906 ³
168 849 366 930 dicaretur
398 851 476 926 hoc
499 873 682 926 marmor
707 867 797 952 post
826 873 915 924 ann·
938 872 1029 938 337·
1052 846 1117 945 (in
1141 869 1221 950 quo
1248 846 1331 926 iam

56 1052 59 1071 Γ
166 963 321 1043 Consul
339 965 437 1065 fuit)
454 989 504 1042 eo
524 985 703 1068 tempore
725 961 1007 1066 quonondum
1029 958 1077 1038 ad
1098 959 1174 1036 alia
1193 983 1332 1036 mune«

171 1103 212 1156 ra
233 1077 479 1156 ascendisset.
507 1077 555 1154 Et
576 1074 741 1181 quidem
760 1074 809 1152 de
826 1073 1072 1154 Praefectura
1088 1073 1247 1153 Vrbana
1258 1127 1271 1168 ,
1291 1091 1332 1151 et

72 1225 75 1232 ·
168 1191 390 1270 Galliarum
421 1190 553 1270 videte
578 1193 677 1268 ‘licet
690 1245 706 1284 ‚
731 1213 815 1300 non
844 1195 932 1266 ante
956 1215 1044 1266 ann.
1064 1213 1078 1275 3
1092 1215 1155 1276 39.
1178 1185 1334 1266 delatos
1453 1215 1455 1222 ’

57 1320 58 1402 ζ
169 1309 285 1386 fuisse
321 1306 393 1383 hos
429 1299 697 1410 amplissimos
731 1305 910 1381 honores·
938 1301 1105 1380 Titiano
1139 1299 1334 1380 Consuli..

57 1411 58 1420 ἵ
166 1420 310 1515 Adde,
330 1419 462 1523 (quod
483 1419 547 1500 vix
564 1417 742 1496 dubitare
761 1442 835 1494 nos
854 1417 947 1496 sinit
965 1415 1013 1494 de
1035 1417 1260 1494 coniectura
1276 1413 1336 1494 Fi·

166 1537 363 1633 nestresit)
381 1563 399 1612 a
414 1531 598 1616 Relando
616 1534 656 1610 in
673 1529 1086 1610 Fastis‘Consulatibns
1104 1528 1152 1606 ad
1168 1555 1227 1606 an.
1235 1555 1332 1617 391·

167 1647 298 1734 afferri
323 1648 414 1726 duas
436 1647 713 1754 inscriptiones
736 1644 934 1724 dedicatas
954 1645 1004 1722 T.
1023 1643 1142 1722 fabio
1160 1643 1332 1722 Titiano

168 1761 374 1852 Praefecto
402 1762 502 1842 Vrbi
517 1777 725 1867 ,''quatum
754 1759 943 1838 in'alteta
972 1758 1121 1859 inttgta
1150 1752 1331 1836 dictione

169 1873 314 1954 dicitut
334 1875 472 1974 Titus,
492 1879 533 1957 in
552 1882 673 1956 altera
691 1869 806 1952 Titus
825 1872 1022 1953 indicatur
1039 1871 1211 1953 solemni
1232 1891 1332 1952 notat

57 1999 58 2013 ¹
169 1989 238 2070 T.:
263 1992 401 2096 quibus
420 1992 463 2072 in
480 1991 663 2070 medium
688 1987 866 2067 adductis
886 1986 1084 2066 Relandus
1103 1989 1176 2068 ait:
1201 2001 1332 2092 Prasaf

58 2118 59 2129 ’
160 2102 379 2214 pognaphia
400 2105 550 2182 Codicis
570 2115 605 2180 T
605 2099 825 2180 heodtsiani
845 2100 1056 2210 distinguit
1059 2155 1169 2178 .....
1186 2113 1331 2180 Consu·

58 2237 59 2240 ’
165 2220 240 2298 lem
261 2213 377 2294 huius
396 2221 495 2308 anni
512 2223 525 2316 (
542 2216 694 2295 scilicet
718 2214 807 2293 anni
833 2239 905 2302 391
927 2219 1027 2314 )....
1043 2237 1082 2315 et
1105 2220 1331 2314 Titianam,

59 2366 60 2402 1
168 2333 238 2440 qui
255 2325 323 2410 snb
344 2341 555 2408 Constante
575 2359 640 2410 an.
661 2355 754 2422 340.
763 2329 854 2432 fnit
871 2341 912 2406 t.
937 2343 1010 2424 V.,
1034 2333 1102 2437 qni
1127 2331 1168 2406 in
1190 2333 1332 2404 inscri-¹

60 2447 61 2458 ’
162 2440 361 2555 prionibus
378 2441 572 2524 veteribus
589 2455 639 2524 T.
651 2439 800 2522 Fabius
816 2446 1005 2522 Titianus
1020 2443 1224 2556 apellatur.
1248 2442 1333 2522 Iam

169 2557 207 2642 si·
217 2553 416 2657 Titianus,
432 2559 499 2666 qui
518 2559 592 2638 fuit
607 2560 825 2650 Praefectus
842 2559 941 2636 thi
963 2584 1122 2651 an.340.
1139 2557 1229 2662 (qui
1249 2556 1335 2636 sine

168 2675 250 2752 ulla
274 2675 549 2754 controversia
572 2695 629 2754 cst
643 2727 658 2770 ,
682 2693 724 2752 ut
748 2693 902 2752 constat
925 2697 969 2750 ex
992 2669 1266 2751 Tiliemontio
1290 2692 1330 2748 ct

67 2866 68 2874 ,
170 2785 285 2882 aliis,
308 2785 463 2868 Consul
485 2797 703 2892 ann·337·)
726 2788 768 2868 in
787 2789 982 2868 veteribus
1007 2787 1330 2896 inscriptionibus

171 2903 388 3004 appellatur
413 2903 560 3000 Titus3
595 2930 664 2983 cur
692 2927 937 3012 praenomen
968 2900 1057 2982 Titi
1092 2904 1182 2982 huic
1201 2899 1334 2981 ¹Con*

170 3009 246 3098 suli
275 3036 358 3090 non
387 3017 533 3118 poterit
557 3043 578 3094 a
601 3017 836 3098 Finestresio
861 3045 906 3096 ex
934 3021 1011 3098 hoc
1041 3043 1243 3097 tnatmore
1271 3043 1337 3096 ac·

162 3125 459 3210 commodarit
489 3130 604 3228 Quae
624 3130 724 3208 mihi
744 3132 883 3210 omnia
901 3132 1130 3236 persuadent
1142 3187 1156 3226 ,
1176 3130 1333 3208 Consu-

172 3244 254 3322 lem
275 3268 460 3352 ann.337.
476 3243 517 3320 in
534 3244 607 3320 hac
623 3267 749 3322 caussa
769 3245 1067 3350 praeferendum
1087 3269 1165 3324 esse
1182 3241 1335 3322 Consu«

171 3357 206 3436 ii.
223 3382 312 3436 ann.
324 3385 419 3450 245.
435 3355 502 3462 qui
519 3383 540 3434 a
557 3354 715 3434 nemine
731 3359 872 3452 Titus,
889 3383 960 3435 nec
978 3363 1024 3466 ab
1042 3359 1225 3434 omnibus
1241 3355 1340 3434 dict·

173 3489 237 3580 tut
254 3469 464 3568 Tiberius,
485 3471 547 3560 cui
568 3468 691 3577 aptati
713 3469 836 3576 possit
855 3469 982 3577 prima
999 3472 1132 3550 littera
1150 3471 1199 3550 T.
1218 3470 1330 3558 huius

174 3586 391 3668 marmoris
415 3583 546 3666 addita
568 3585 597 3664 Ι.
616 3613 627 3680 ;
657 3609 754 3682 nec,
778 3583 885 3690 quod
908 3588 1022 3666 nobis
1039 3607 1194 3692 constet
1207 3641 1222 3684 ‚
1247 3613 1330 3665 atn-

175 3697 377 3808 plissitnos
408 3705 581 3782 honores
611 3700 851 3800 gessit,„cui
885 3701 1096 3782 convenire
1127 3727 1237 3810 posse
1269 3699 1331 3790 vif
1449 3768 1451 3774 ,

175 3813 341 3898 deantur
360 3815 496 3914 tituli,
517 3815 586 3924 qui
604 3815 647 3896 in
665 3814 924 4012 inscrliptione
943 3821 1139 3923 leguntur.
1251 3889 1278 4010 d,
1327 3917 1333 3928 ⁸

253 3952 256 3960 ’
1137 3975 1142 3982 ·
1202 3930 1247 4012 Se
