3244 4672
357 291 561 358 vorvnr.
590 291 732 356 xx1111.
760 290 871 358 ursa.
907 292 1033 358 saca.
1249 277 1312 371 45

158 413 372 526 Hispaniae
389 413 721 512 Tarraconensis,
737 416 956 523 periculum
975 435 1082 512 erat,
1099 439 1147 494 ne
1165 414 1317 521 decipe5

160 555 297 612 rentur
313 528 462 638 posteri
476 526 583 634 ,qni
602 529 779 608 videntes
804 533 881 610 hoc
901 531 1021 610 titulo
1039 530 1250 630 insignitos
1267 554 1316 608 o,

152 671 273 730 ,mnes
283 700 298 741 ‚
318 645 385 750 qui
411 663 498 724 ante
518 643 834 724 Constantinum
857 647 1040 741 fuerunt,
1060 647 1164 722 hunc
1181 641 1228 722 ad
1249 643 1319 738 illa

162 781 346 866 tempora
366 763 606 838 retulissent:
633 763 798 838 restabat
818 759 937 856 igitur
946 816 962 856 ‚
981 781 1022 838 ur
1040 759 1167 864 ipsum
1188 761 1319 864 appel·

159 877 305 957 lassent
328 872 552 952 Praesidem
575 873 786 976 Hispaniae
805 871 1019 952 Citerioris
1039 871 1317 951 Tarraconen„

160 988 211 1078 sis
224 1041 240 1084 ,
267 1014 316 1066 ne
335 987 539 1094 provincia
562 986 870 1066 confunderetur
888 1013 979 1068 curn
1003 986 1191 1092 antiqua,
1217 995 1317 1092 quae

160 1105 255 1182 solo
273 1102 440 1178 nomine
458 1099 670 1178 Citerioris
688 1101 894 1198 veniebat,
910 1127 951 1180 ut
970 1102 1225 1183 manifestum
1242 1123 1330 1204 est,·

161 1235 203 1298 et
232 1211 445 1320 aliquando
470 1219 560 1292 solo
585 1215 750 1301 nornine
764 1212 1096 1314 Tarraconensis,
1116 1237 1157 1294 ut
1182 1213 1319 1312 videre

162 1331 259 1410 licet
282 1329 323 1408 in
347 1333 453 1408 Clas.
470 1341 529 1406 11.
549 1328 710 1408 Finestr·.
727 1357 831 1406 num.
849 1357 914 1408 21.
933 1342 997 1420 36·
1015 1357 1077 1422 37·
1103 1327 1231 1429 Quod
1253 1355 1320 1408 au·

145 1463 247 1526 „tem
265 1443 375 1522 addit
394 1443 619 1524 Florezius:
648 1443 742 1540 „ni
766 1468 804 1520 se
825 1448 998 1551 prueba,
1026 1471 1100 1549 que
1121 1448 1160 1520 la
1181 1440 1319 1548 piedra

162 1614 194 1656 ,,
213 1585 250 1636 se
269 1558 431 1658 erigiese
446 1556 605 1666 despues
623 1557 672 1636 de
691 1557 959 1651 Constantino
977 1560 1143 1661 Magno,
1158 1583 1207 1636 en
1226 1557 1318 1663 cuiq

161 1673 387 1778 „imperio
410 1675 472 1750 fue
499 1672 653 1780 partida
683 1677 721 1750 la
743 1673 922 1753 Citerior
938 1679 969 1721 “
999 1672 1220 1750 revolvitur
1246 1687 1318 1752 eo·-

140 1801 142 1804 ’
166 1785 285 1864 dem:
312 1812 405 1867 nam
429 1785 623 1894 idipsum
652 1787 906 1892 quaerimus,
933 1807 973 1863 et
986 1786 1070 1898 lroc
1095 1813 1141 1864 ex
1167 1811 1318 1894 propo-

165 1899 237 1978 sita
262 1901 488 1980 coniectura
508 1902 699 2000 colligere
723 1904 923 1981 volumus.
949 1899 1032 2000 Ego
1053 1899 1172 2000 igitur
1186 1899 1240 1978 sic
1256 1899 1317 1978 iu-

14 2087 15 2094 ,
62 2081 64 2084 ,
165 2011 283 2112 dico,
299 2037 337 2092 et
356 2016 536 2093 animum
556 2016 704 2094 induco
724 2041 871 2092 meum.
891 2014 988 2092 ¹Post
1004 2015 1318 2094 Constantinum

164 2129 308 2232 triplex
325 2127 398 2224 fuit
413 2129 600 2234 Hispania
618 2126 816 2212 Citerior:
833 2127 1012 2205 Citerior
1023 2129 1237 2236 Gallaecia,
1253 2127 1321 2216 Cia

164 2241 291 2318 terior
306 2238 631 2344 Cartaginiensis,
644 2237 822 2338 Citerior
839 2239 1159 2342 Tarraconensis.
1179 2243 1320 2340 Quum

164 2353 207 2432 in
227 2375 368 2432 nostro
392 2373 800 2452 marmoreoccurrat
818 2355 1202 2462 HispaniaCiterior
1221 2357 1322 2434 Tar·

165 2468 409 2566 raconensis,
428 2495 524 2547 vero
543 2470 674 2566 simile
690 2491 765 2564 est,
783 2469 1032 2548 referendum
1050 2495 1130 2546 esse
1148 2467 1197 2546 ad
1219 2489 1322 2548 tem·

164 2609 233 2691 pus
242 2637 258 2678 ,
277 2581 387 2690 quod
404 2581 517 2664 antea
536 2583 820 2668 indicavimus:
845 2610 940 2664 nam
960 2583 1175 2688 antiquiori
1197 2604 1321 2670 aetate

164 2701 297 2776 solum
317 2721 467 2792 nomen
485 2698 818 2800 Tarraconensis,
848 2721 912 2784 aut
931 2701 1063 2778 solum
1079 2723 1232 2806 nornen
1250 2697 1320 2777 Ci-

165 2813 324 2892 terioris
341 2813 431 2892 satis
451 2839 639 2922 superque
659 2815 805 2896 fuisset.
915 2895 919 2902 ,
1176 2837 1181 2844 ’

226 2925 300 3003 Sed
316 2928 364 3002 de
382 2927 441 3004 his
460 2931 540 3008 iam
559 2929 669 3020 satis:
691 2955 794 3013 nunc
811 2931 1015 3013 veniamus
1033 2927 1082 3009 ad
1100 2927 1321 3038 inscriptio·

168 3064 264 3134 nem
279 3040 452 3146 positam
471 3056 844 3157 num.16.pag.106.
856 3047 921 3149 (s)
938 3073 1076 3152 quam,
1091 3067 1133 3124 ut
1152 3045 1321 3124 affirmet

166 3152 408 3234 Floreziusa
428 3179 467 3230 se
487 3155 752 3260 descriptam,
779 3162 820 3238 in
847 3159 984 3238 multis
1007 3181 1141 3240 tamen
1166 3157 1320 3250 audebo

165 3267 299 3352 dicere
319 3269 332 3364 l
339 3272 392 3378 g)
411 3267 597 3348 vitiosam
616 3294 708 3348 esse.
739 3274 921 3352 Primum
943 3275 1053 3352 enim
1077 3299 1161 3352 non
1185 3272 1321 3382 video,

235 3400 238 3412 “
1195 3415 1265 3470 cur
1308 3403 1316 3434 ἢ

166 3521 1324 3563 *mn—m—-muffl-n—-n-—n——

1312 3573 1320 3585 P

162 3621 177 3679 '.
208 3581 258 3661 (f)
298 3587 436 3646 Citandae
454 3587 562 3646 suntin
583 3585 715 3648 hocloco
733 3592 873 3671 paginae,
892 3598 957 3678 quia
974 3617 1131 3677 portuum.
1151 3626 1196 3674 ιτ.
1217 3607 1320 3692 legitur

166 3682 198 3722 ιιι
208 3663 333 3724 Florezio
348 3689 424 3728 num.
438 3676 466 3729 8.
482 3684 512 3726 et
527 3666 658 3747 deinceps
671 3689 817 3749 sequentes
825 3719 836 3748 ,
852 3677 880 3736 in
896 3700 952 3758 quo
967 3680 1084 3742 faciliter
1100 3683 1155 3744 labi
1171 3704 1201 3746 et
1215 3708 1323 3767 pertur-

163 3743 417 3900 baing)poiifflriiiiii
440 3826 580 3888 Florezius
598 3827 736 3891 affirmate
755 3832 879 3908 diceret,
896 3837 952 3920 legi
975 3837 1244 3916 CAPADOCIAE‚
1264 3869 1322 3920 non

164 3903 486 3984 CAPPADOCIAEr
514 3907 885 3994 mensunusum,
912 3939 969 3981 non
992 3923 1318 4006 nuexauuunvas.

245 3993 252 4002 ¹
1207 4008 1282 4069 exsi-
