3244 4710
305 223 420 354 '1'4'6
486 239 814 325 stunsrnustvs
836 241 1014 324 umbre.
1044 245 1075 321 a
1104 243 1203 348 c'au.
1232 257 1341 324 xxn.

315 433 347 480 „
365 383 407 459 in
420 403 558 496 septem
572 378 847 463 consulatibus
849 383 953 488 fnit.
976 375 1008 432 “⁵
1027 369 1311 481 Finesttesius',
1332 381 1362 462 si
1386 381 1486 497 quid

317 495 489 595 iudic0,
517 523 736 604 numquam
765 499 975 606 suspicatus
1009 499 1121 607 fuit,
1150 489 1365 600 legendum
1396 523 1481 578 esse

314 611 355 690 in
387 611 457 692 hac
485 611 743 722 inscriptione
780 639 929 693 annum
967 613 1181 720 septimum
1226 609 1480 694 Tribunitiae

316 727 548 834 potestatis,
578 726 646 806 sed
672 727 804 838 potius
840 725 1054 807 admiratus
1087 748 1145 806 est
1161 781 1176 824 ,
1208 727 1319 834 quod
1353 753 1481 836 pone-

318 862 425 919 retur
451 841 672 942 setundus,
702 869 826 950 quum
852 841 1002 952 primus
1035 840 1107 950 ipsi
1127 843 1258 950 ponus
1277 845 1488 924 collocan-

320 955 391 1034 dus
409 954 621 1036 videretur.
640 958 748 1038 Haec
768 953 1011 1053 admiratio,
1030 977 1095 1037 aut
1113 953 1338 1055 dubitatio,
1364 981 1488 1064 quam

318 1069 486 1176 optimis
518 1072 711 1151 innitatur
741 1071 1048 1169 fundamentis,
1080 1071 1217 1148 statim
1252 1071 1487 1178 aperiemus.

316 1183 487 1292 Constat
503 1187 795 1294 imperatorem
810 1185 860 1264 T.
873 1189 1050 1267 Flavium
1067 1185 1351 1294 Vespasianum
1367 1187 1487 1265 obiis-

318 1323 357 1378 se
376 1299 417 1380 in
437 1326 546 1382 nono
574 1300 822 1400 Consulatu,
851 1327 970 1410 quem
992 1327 1098 1382 anno
1117 1300 1265 1380 Christ.
1281 1327 1350 1395 79.
1365 1301 1486 1402 gessit

317 1439 410 1520 cum
432 1416 687 1497 filiorTitus
717 1419 820 1496 filius
851 1420 928 1496 hoc
960 1441 1066 1496 anno
1096 1441 1238 1518 gerens
1269 1415 1487 1522 septimum

317 1528 582 1609 Consulatum
602 1533 704 1638 patri
727 1557 799 1610 suo
820 1521 1027 1627 successit,
1055 1552 1099 1608 ut
1127 1531 1207 1607 iam
1226 1531 1488 1610 adnotaverat

317 1641 568 1724 Finestresius
599 1647 639 1725 ln
666 1644 828 1726 laudato
858 1643 1167 1726 commentario.-
1205 1643 1486 1747 lgiturverisi-

316 1757 415 1838 mile
447 1782 505 1840 est
522 1817 537 1858 ,
568 1762 647 1842 hoc
678 1787 783 1842 anno
812 1787 897 1840 non
927 1757 1176 1856 secundum,
1207 1758 1275 1838 sed
1303 1759 1485 1868 primum

315 1897 465 1952 annum
505 1876 756 1954 Tribunitiae
797 1875 1002 1982 potestatis
1048 1873 1249 1956 numerari
1289 1873 1485 1972 debuisse,

302 1985 425 2091 ·quod
445 1989 586 2067 clarius
605 1989 849 2088 intelligetur
864 2010 997 2096 postea
1013 1993 1132 2094 quani
1147 2013 1266 2095 pauca
1285 1986 1483 2096 quaedam

316 2101 366 2178 de
397 2103 468 2182 hac
498 2125 692 2210 potestate
710 2102 1041 2211 praemiserimus.
1076 2104 1183 2181 Inter
1201 2104 1301 2183 alios
1323 2102 1482 2201 titulos,

313 2215 452 2322 quibus
484 2219 618 2297 ornari
636 2241 674 2298 et
694 2219 884 2299 cumulari
913 2238 1084 2327 potestas
1105 2215 1369 2325 Collegarum
1402 2219 1485 2297 Im·

313 2329 443 2438 perii,
471 2331 726 2441 ipsorumque
744 2335 866 2414 etiam
882 2334 1175 2440 Imperatorum
1193 2337 1374 2430 solebat,
1405 2357 1480 2412 nu·
1520 2385 1527 2398 ·

314 2446 504 2526 meranda
520 2449 722 2556 praecipue
741 2473 799 2528 est
816 2452 909 2530 baec
925 2469 1097 2556 potestas
1114 2447 1373 2544 Tribunitia,
1405 2469 1482 2553 qua

313 2561 605 2642 concedebatur
621 2564 712 2674 ipsis
732 2567 896 2644 facultas
913 2561 1178 2641 interdicendi
1194 2564 1382 2642 omnibus
1396 2561 1480 2641 De·
1568 2641 1574 2647 .

311 2675 427 2756 cretis
441 2734 457 2776 ,
485 2705 583 2786 quae
615 2707 636 2760 a
666 2679 836 2776 Senatu,
873 2697 937 2784 aut
966 2701 988 2756 a
1015 2676 1307 2784 Magistratibus
1335 2697 1479 2756 contra

311 2789 480 2872 illorum
500 2799 750 2874 voluntatem
770 2798 921 2876 fierent.
956 2791 1096 2895 Ps'gius
1109 2791 1151 2867 In
1169 2790 1311 2869 Aduot.
1326 2789 1488 2870 οπλα

313 2908 459 2986 Anntl.
477 2915 639 2990 Baerunii
670 2910 726 2988 ad
749 2936 838 2985 ann.
859 2933 951 3001 147·
967 2933 1071 2982 num.
1086 2905 1122 2982 8.
1142 2902 1271 3003 dicit,
1294 2899 1483 3005 Collegls

317 3019 482 3129 Imperii
504 3030 694 3129 collatam
710 3023 824 3099 fuisse
842 3017 1113 3102 Tribunitiam
1127 3037 1367 3127 potestatem
1381 3018 1480 3097 Pro·

315 3140 520 3218 consulatu
532 3159 723 3247 perpetuo
750 3141 870 3234 longe
893 3130 1110 3214 maiorem.
1136 3134 1332 3242 Vopiscus
1346 3133 1389 3211 in
1402 3133 1479 3213 Ta·

313 3255 382 3332 cit.
403 3279 480 3366 cap.
495 3269 530 3332 I.
549 3243 666 3335 Video
688 3247 785 3329 mibi
815 3237 933 3330 'obiici
952 3275 1060 3362 posse
1091 3251 1239 3328 curules
1259 3251 1478 3359 Magistra--

296 3359 377 3450 ¹tus
414 3371 518 3482 apud
544 3373 705 3450 maiores
735 3391 885 3447 nostros
913 3364 1206 3477 quadrienttles
1224 3363 1357 3466 fuisse
1379 3394 1387 3439 ε
1411 3362 1484 3446 sed

311 3510 423 3566 erant
444 3483 614 3568 Tribuni
619 3481 743 3599 plebis
770 3513 855 3562 cum
878 3491 914 3560 T
914 3479 1105 3568 ribunittt
1128 3499 1324 3593 potestate
1336 3533 1352 3579 ,
1376 3479 1476 3589 qtae

301 3623 397 3714 pars
423 3606 594 3683 maxima
613 3599 766 3712 Regalis
780 3601 938 3708 Imperii
960 3617 1030 3705 est.
1058 3593 1174 3672 Idem
1191 3593 1328 3692 Pagius
1346 3593 1478 3683 adan.

316 3743 407 3813 147.
424 3713 462 3797 a.
477 3749 517 3815 4.
534 3717 619 3813 ait,
643 3712 917 3794 Tribunitiam
940 3731 1180 3818 potestatem
1192 3731 1233 3789 et
1254 3707 1477 3822 Imperium

299 3829 595 3929 ¹Proconsulare
606 3852 735 3942 partes
749 3828 843 3906 duas
853 3827 1025 3935 supremi
1038 3825 1201 3934 Imperii
1211 3821 1345 3922 fuisse,
1356 3821 1473 3924 ratio

842 3985 848 3992 ·
1364 3960 1417 4016 ne
