3244 4710
303 252 412 337 ,166
478 276 1008 347 munstuuswsulnmc.
1036 279 1068 344 A
1098 277 1196 346 CAPZ
1225 279 1333 346 xxu.

302 403 644 486 CONGRVENS
671 403 766 483 EST
800 401 1095 484 INTENTIO.
1117 405 1232 486 M-EA
1258 400 1387 506 ,QVA
1611 411 1612 414 ‘

296 572 465 602 .......
472 569 489 598 ν.
508 572 518 596 .
540 573 551 594 .
572 519 646 598 VS·
682 517 977 600 PROXIMAE
1024 517 1394 602 ARGVMENTIS
1455 533 1459 606 ζ

297 687 690 716 ................
712 633 894 714 PARTE
935 633 1204 714 PROLATIS
1234 634 1327 718 REI
1385 713 1388 718 ,

301 803 521 832 .........
537 748 719 830 Ρ..
765 749 842 828 VT
872 745 1105 826 MEACTV
1138 747 1273 829 ESTD
1375 826 1378 832 ,
1450 789 1456 832 ;

295 915 784 946 ...................
803 861 1076 942 NSPECTIO
1094 859 1230 940 ITAC

295 1033 437 1062 ......
439 977 902 1060 ΙΝ
931 977 1230 1066 ΡΚΝΙ..-...
1351 1049 1390 1062 ,.
1448 1052 1452 1060 r

295 1237 399 1292 nrm.
418 1236 489 1305 37.
501 1208 555 1288 ait
571 1207 773 1288 Florezius
792 1241 801 1289 :
824 1261 856 1304 „
876 1231 1027 1314 porque
1048 1228 1206 1286 esta-no
1235 1233 1275 1287 es
1304 1207 1467 1297 deditae.

295 1377 328 1424 ‚,
348 1325 441 1404 cion
473 1328 597 1404 hecha
624 1327 661 1404 al
694 1321 941 1430 Emperador
955 1377 970 1418 ,
1001 1321 1089 1401 sino
1106 1349 1155 1401 en
1174 1349 1216 1402 su
1231 1324 1384 1432 tiempo
1403 1383 1419 1427 ‚
1448 1331 1467 1410 i

295 1439 579 1538 „denotando
613 1459 699 1516 esto
733 1436 902 1536 digeron
932 1469 940 1514 ε
973 1450 1205 1547 Imperatore
1234 1451 1395 1520 Caesare
1421 1457 1470 1522 P.
1603 1481 1612 1498 ·*

294 1555 489 1651 „Helvio
518 1555 715 1630 Pertinace
741 1555 916 1662 Principe
929 1563 1105 1631 Senatus.
1123 1560 1155 1601 “
1172 1553 1372 1632 Sententia
1387 1556 1468 1654 igi.

296 1687 360 1746 tur
375 1666 548 1746 florezii
569 1686 882 1744 monumentum
912 1671 991 1745 noc
1017 1664 1243 1748 dedicatum
1262 1667 1336 1746 fuit
1359 1691 1486 1750 tema'¹

293 1808 423 1890 pore,
455 1808 536 1889 quo
567 1782 787 1888 imperabat
818 1781 1028 1876 Pertinax,
1062 1781 1103 1860 in
1134 1807 1216 1886 quo
1251 1808 1332 1862 nou
1364 1787 1464 1865 levis

297 1917 356 1976 est
391 1897 630 1992 difficultas,
661 1919 781 2000 quam
814 1893 945 1972 miror
976 1920 998 1971 a
1029 1895 1251 2002 Florezio,
1281 1898 1351 2002 qui
1378 1919 1466 1980 tam
1605 1895 1606 1898 Ὺ

298 2011 427 2096 cernit
446 2033 607 2088 acutum
624 2063 639 2104 ,
671 2009 786 2086 fuisse
804 2009 1134 2114 praetermissam.
1169 2011 1307 2090 luhoc
1322 2038 1464 2094 monuo
1604 2093 1605 2096 ,

298 2147 441 2205 mento
461 2125 617 2202 mentio
641 2125 685 2202 fit
703 2123 918 2204 sententiae
938 2128 1049 2220 ‚latae
1064 2125 1118 2224 Q.
1137 2126 1251 2204 Sosio
1279 2126 1464 2227 Falcone,

296 2263 335 2320 et
355 2239 403 2318 C.
426 2240 530 2318 Iulio
562 2238 706 2320 Erucio
739 2236 864 2318 Claro
891 2237 1004 2316 Coss.
1025 2241 1097 2318 ΙΙΙ.
1128 2240 1213 2322 idus
1240 2241 1460 2342 februarii}
1606 2301 1607 2336 3

299 2355 516 2463 descriptae
547 2377 587 2434 et
616 2353 840 2462 propositae
875 2352 1002 2460 pridie
1032 2379 1156 2433 nonas
1188 2355 1462 2440 Novembris:

274 2492 458 2567 ,venerat
482 2469 602 2569 igitur
634 2469 716 2547 iam
743 2466 871 2576 pridie
887 2469 1280 2566 'oonasfl'Nove'mbr‘is
1292 2527 1308 2568 ,
1338 2499 1463 2578 quum

297 2587 378 2668 hoe
413 2601 725 2664 monumentum
760 2582 834 2663 fuit
864 2587 1054 2664 ereetum.
1090 2585 1144 2665 At
1171 2587 1249 2665 hoe'
1280 2607 1462 2693 tempore
1600 2607 1605 2626 ‘

165 2696 169 2731 ³
297 2720 382 2780 tam
399 2722 552 2780 certum
569 2720 625 2778 est
639 2754 654 2795 ,
685 2723 806 2804 quam
825 2695 933 2804 quod
955 2699 1221 2778 certissimum
1235 2699 1359 2793 ,iarn
1379 2729 1464 2782 non
1609 2733 1612 2812 ζ

297 2816 550 2922 imperavr‘sse
580 2813 622 2892 P.
656 2813 848 2892 Helvium
889 2813 1169 2906 Pertinacem,
1199 2811 1346 2916 quinis
1371 2813 1464 2921 ipsis

299 2927 542 3006 Consulibus
568 2928 619 3006 V.
652 2929 723 3004 cal.
755 2925 907 3030 Aprilis
935 2926 1085 3003 occisus
1100 2925 1177 3002 fuit
1199 2926 1463 3020 aPraetoriff-
1606 2939 1607 2984 l

295 3045 373 3140 nis,
390 3066 430 3120 ut
445 3061 598 3122 constat
616 3065 662 3118 ex
678 3037 915 3144 Capitolino
930 3041 971 3116 in
987 3041 1463 3136 Pertinace,.Herodiano

300 3166 342 3239 in
358 3154 425 3236 tib.
444 3171 503 3234 II.
526 3153 719 3261 Eutropio
738 3148 805 3230 lib.
824 3165 944 3234 VIII.
972 3153 1076 3254 Ergo
1091 3155 1321 3264 non'potuit
1350 3158 1464 3241 dedi?-
1606 3231 1608 3254 ,χ

299 3273 379 3356 cari
413 3275 490 3351 hoc
525 3290 836 3349 monumentum
867 3277 1092 3376 tempore„
1130 3297 1211 3375 quo
1243 3272 1462 3378 imperabat
1607 3331 1609 3352 .

227 3389 229 3394 ’
300 3379 496 3469 Pertinax.
524 3388 622 3484 Quo
637 3383 848 3486 nosigitur
866 3404 981 3490 pacto
1001 3388 1047 3462 ab
1062 3386 1134 3462 hac
1152 3384 1381 3466 difficultate
1391 3393 1463 3470 ⁴err}
1608 3375 1609 3436 3

296 3503 527 3616 pediemusi
547 3499 638 3578 Nisi
665 3498 835 3578 dicimus
854 3499 924 3576 illa
943 3503 1061 3578 verba
1077 3511 1172 3610 Imp.
1188 3513 1294 3580 Caes.
1312 3515 1353 3578 P.
1368 3503 1463 3580 Hei⁴
1608 3569 1609 3576 r

237 3618 238 3621 ‘
295 3615 362 3698 e'rio
381 3620 577 3696 Pertinace
595 3610 642 3690 ad
662 3635 814 3719 tempus
832 3616 962 3710 latae,
990 3639 1074 3692 non
1105 3617 1158 3699 acl
1187 3635 1340 3723 tempus
1353 3621 1462 3722 prol·
1608 3637 1609 3682 r

262 3737 268 3750 '
295 3736 527 3833 mulgatae,
549 3749 588 3807 et
616 3727 657 3806 in
682 3737 951 3806 monumento
979 3727 1204 3836 propositae
1227 3731 1461 3827 sententiae,
1607 3772 1608 3780 κ

299 3843 504 3930 referenda
517 3868 597 3927 esse
611 3843 676 3949 (in
690 3858 920 3952 quo„.tameu
933 3843 997 3922 vix
1013 3842 1265 3948 adquiescere.
1274 3847 1455 3952 pomum)

1319 3985 1404 4036 non

1601 4229 1612 4304 ¹l
