3240 4688
295 261 368 383 78
466 296 795 368 rrunsrntstvs
811 295 990 366 munte.
1008 297 1040 363 A
1058 295 1155 363 cst».
1178 294 1269 364 xus.

292 427 371 523 lis,
402 425 470 532 qui
501 447 690 536 tanquam
724 424 932 533 inscriptio
964 443 1137 532 separata
1169 425 1404 504 exhibentur
1431 444 1456 508 ‘a

149 569 153 577 ’
227 566 229 572 ·
292 541 496 639 Crucem,
523 541 749 645 subiungit:
776 543 968 640 „Quum
997 542 1128 619 nullus
1154 537 1205 616 sit
1227 567 1377 648 nepos,
1407 541 1458 623 ad

288 679 464 762 „quem
494 659 685 736 referatur
713 662 855 752 Avia,
884 653 1011 735 videri
1035 675 1216 761 poterat,
1239 654 1457 756 legendum

288 824 319 869 ,‚
336 783 423 849 Ave
445 774 508 850 vel
523 783 661 867 Have,
685 791 728 850 ut
755 771 797 850 in
826 767 1086 877 inscriptione
1107 766 1207 876 apud
1224 767 1457 853 Fabrettum

287 909 423 998 „caps
437 899 484 962 Χ.
501 913 603 964 uum.
616 912 664 982 4¹
676 909 712 975 3·
732 906 772 964 et
790 885 832 964 in
850 882 995 962 duabus
1014 884 1276 989 sequentibus.
1301 885 1457 969 Verum

265 1029 327 1100 43-
339 1002 592 1080 retinendum
623 1019 687 1080 est.
708 1005 847 1098 Avia,
880 999 973 1106 quia
1002 1002 1098 1078 baec
1130 999 1341 1108 inscriptio
1368 1027 1456 1082 non
1613 1063 1614 1076 ,

264 1137 399 1214 -,’,,εετ
416 1116 567 1214 integra
581 1114 691 1212 ,jsed
719 1116 939 1224 perseius,
964 1137 1084 1220 quam
1109 1115 1314 1224 posuimus
1339 1114 1455 1226 supra
1613 1193 1614 1224 ÷

287 1253 531 1330 „sacratam
561 1228 656 1310 Isidi
684 1233 1094 1326 cirninum-115⁶
1528 1245 1532 1250 '
1613 1249 1614 1254 ‘

267 1403 270 1408 ·
348 1345 600 1426 finesttesius
616 1345 666 1426 ad
680 1369 898 1452 quemnon
912 1365 1142 1452 pervenerat
1160 1343 1322 1445 notitia,
1331 1367 1454 1453 quam

288 1460 490 1540 Florezius
518 1461 653 1539 habuit
680 1487 702 1538 a
724 1461 820 1538 Don
842 1457 1088 1560 Raymundo
1110 1459 1303 1560 Foguetio
1316 1517 1331 1558 ,
1354 1462 1453 1567 quid

289 1577 434 1653 melius
453 1574 679 1676 excogitare
696 1593 878 1683 poterat,
897 1597 1017 1677 quam
1037 1573 1306 1681 inscriptionis
1328 1597 1454 1656 sacra-¹

288 1709 352 1770 tte
380 1688 475 1769 Isidi
502 1693 771 1790 fragmentum
796 1690 913 1770 fuisse
940 1685 1040 1766 duos
1072 1689 1167 1766 illos
1195 1713 1353 1788 versus,
1384 1691 1455 1798 qui

288 1807 453 1913 separati
477 1829 606 1912 perse
628 1809 786 1883 nullum
808 1805 955 1882 habent
982 1802 1251 1882 commodum
1278 1811 1454 1906 sensum,

286 1941 328 1997 et-
350 1919 390 1997 in
410 1945 501 2031 pag.
519 1930 741 1995 LXXXIII.
767 1924 928 1995 numo.
957 1913 1118 1996 Gruteri
1144 1918 1326 2020 leguntur
1351 1945 1454 2000 con-

286 2033 414 2114 iuncti
447 2057 541 2114 cum
570 2031 830 2140 inscriptione
857 2027 972 2110 Isidis
999 2033 1175 2112 exhibita
1202 2033 1374 2142 superius
1402 2059 1453 2115 ex

287 2151 517 2259 apographo
555 2147 786 2229 transmisso
813 2149 873 2240 wab
910 2145 1071 2226 Andros
1105 2147 1308 2244 Schott03
1343 2139 1450 2230 cuius

287 2289 432 2366 magna
450 2264 567 2344 debet
585 2287 665 2342 esse
685 2263 727 2342 in
745 2264 818 2342 hac
837 2285 968 2340 caussa
985 2263 1209 2342 auctoritas.-
1226 2263 1282 2342 At
1298 2263 1451 2365 Fogue·

286 2379 364 2457 tius
386 2379 542 2487 scripsit
560 2377 609 2457 ad
628 2375 876 2472 Henricum‚
900 2375 941 2454 in
964 2375 1124 2485 lapide,
1148 2379 1189 2458 in
1207 2405 1287 2486 quo
1304 2378 1449 2480 legitur

287 2489 390 2576 haec
419 2493 666 2602 inscriptio,
703 2515 898 2600 superesse
926 2491 1017 2570 satis
1050 2497 1230 2601 amplum
1261 2517 1300 2574 et
1331 2520 1449 2604 capax

287 2609 464 2716 spatium<
487 2606 862 2716 recipiendi-duos,
894 2626 960 2685 aut
991 2627 1069 2686 tres
1101 2632 1260 2703 versus,
1295 2609 1337 2687 in
1366 2633 1450 2714 quo

287 2746 452 2834 propter
468 2724 738 2827 integritatem
757 2721 893 2800 videre
910 2721 1033 2816 licet,
1059 2719 1161 2798 nihil
1183 2743 1375 2824 umquam
1392 2721 1450 2800 ibi

287 2840 478 2944 scriptum
514 2841 655 2916 fuisse:
692 2862 737 2914 ex
772 2861 855 2940 quo
887 2837 958 2912 fiat
986 2855 1140 2910 necesse
1172 2851 1260 2928 est,
1289 2853 1332 2912 ut
1366 2830 1449 2916 duo

284 2951 355 3030 iili:
390 2972 520 3030 versus
555 2949 602 3027 ad
639 2950 741 3026 hanc
775 2945 1079 3052 inscriptionem
1116 2943 1289 3028 minime
1326 2951 1449 3058 perti·

283 3084 416 3148 neunt.
447 3063 560 3164 Quid
596 3062 721 3142 indes
752 3061 988 3161 Foguetium
1015 3066 1234 3144 consulere.
1252 3063 1449 3144 debuisset

286 3181 550 3262 Finestresius.
570 3179 662 3280 Qui
691 3177 794 3259 nihil
819 3201 1012 3283 umquam
1036 3181 1113 3256 tale
1133 3178 1342 3287 suspicatus
1358 3182 1449 3258 fue·

284 3321 370 3398 rat,
397 3323 470 3378 nec
495 3294 685 3404 suspicari
707 3291 845 3374 debuit
860 3348 881 3391 ,.
899 3290 999 3401 quid
1014 3291 1449 3374 tandem-consuleret}

285 3415 353 3518 qui
372 3416 537 3493 habebat
555 3412 829 3520 apographum
841 3429 1029 3488 recenter
1045 3435 1068 3485 a·
1080 3403 1311 3507 Tarracone
1329 3431 1450 3498 trans·¹

284 3529 480 3628 missum,
506 3552 578 3605 nec
607 3529 733 3604 fuerat
750 3527 865 3604 huius
883 3525 939 3604 rei
963 3521 1221 3623 admonitus,
1243 3523 1340 3630 quid
1362 3544 1449 3606 tan·'

284 3635 379 3722 dem
404 3643 689 3751 suspicaretur?
723 3639 920 3741 Quamvis
943 3639 985 3718 in
1012 3639 1198 3746 exemplo
1220 3640 1449 3748 nuperrime

285 3758 337 3838 ad
347 3757 624 3838 Finestresium
641 3755 872 3834 transmisso
890 3751 1067 3834 deessent
1082 3756 1244 3834 fortasse
1259 3753 1354 3834 haec
1371 3754 1450 3832 tria

283 3881 403 3958 verba
411 3933 427 3980 ‚
442 3875 491 3956 de
511 3874 651 3982 quibus
668 3872 821 3978 agitur,
847 3868 896 3950 ad
915 3869 1127 3951 veritatem
1144 3867 1351 3950 videbatur
1367 3889 1465 3964 esse-

380 4021 387 4030 ·
495 4034 499 4042 .
1297 4007 1391 4090 pro-
