3244 4710
290 309 313 369 ι·
397 295 588 378 ¹vorvsr.
613 306 758 373 rnrnn.
785 304 896 372 mss.
928 307 1056 374 snos.
1223 287 1313 386 193

150 489 186 532 „
208 451 284 512 stat
312 453 352 511 et
378 439 565 542 perlegat.
594 447 703 544 Ego,
734 429 892 539 inquit,
917 441 964 510 T.
979 434 1143 510 Plancus
1159 435 1318 515 Glaucia

1 567 9 610 ’ὲ
124 583 126 586 ·
151 551 334 648 „Atilia
359 571 478 628 natus
503 551 612 628 miles
639 575 766 627 eram.
796 544 1015 678 adeoque
994 569 1034 626 et
1057 547 1151 627 Ordo
1169 551 1319 628 milita·

152 667 260 761 „ris
290 693 354 742 ore
381 668 450 776 pio
482 675 619 742 Manes
643 657 848 740 debetl
775 664 831 738 mi
831 663 967 738 litaret
997 662 1177 762 salvere,
1215 666 1320 746 forte

151 777 394 886 „scriptum
420 776 494 858 fuit
524 779 696 856 salutare
709 829 724 873 ‚
752 796 816 854 aut
844 776 885 854 in
914 773 1060 853 eodem
1078 801 1189 856 sensu
1215 779 1318 858 acci-

150 947 185 993 „
203 891 393 998 piendum
421 893 583 972 salvere.
613 888 785 998 Exponit
811 915 908 968 mox
938 914 1003 968 sua
1034 892 1203 972 merita:
1226 906 1320 972 Bene

150 1063 184 1106 ,,
202 1011 295 1085 vixi
308 1029 345 1086 et
358 1005 498 1197 mihi,l
508 1029 548 1085 et
560 1009 681 1100 meis,
704 1025 744 1082 et
754 1007 938 1116 patriae,
952 1033 1071 1114 neque
1085 1007 1129 1083 ul
1127 1010 1189 1086 lae
1205 1008 1249 1085 de
1262 1037 1319 1086 me

149 1121 480 1232 „fueruntquer'e
481 1121 559 1198 lat·
573 1118 1024 1224 FVERVNTinquam',
1035 1121 1318 1226 proFMANS,

150 1291 184 1336 „
203 1233 350 1340 quod
341 1257 471 1342 inepte
503 1237 694 1341 scriptum
721 1231 824 1330 fuit,
855 1233 990 1312 nescio
1018 1259 1067 1311 an
1097 1263 1142 1316 ex
1175 1235 1317 1342 lapide.

147 1405 183 1484 '.'
202 1350 362 1428 Glautia
379 1372 503 1428 mater
514 1405 529 1444 ,
559 1375 580 1426 e
604 1374 680 1453 qua
697 1367 835 1426 natum
862 1371 901 1424 se
925 1346 1233 1453 supradixerat,
1261 1379 1320 1428 me

149 1517 185 1562 „
164 1459 289 1542 heic
316 1469 451 1574 posuit
481 1466 679 1572 octoginta
701 1482 797 1540 octo
827 1489 948 1538 annus
994 1483 1130 1540 natum
1157 1519 1172 1561 ‚
1203 1457 1320 1574 quum

148 1633 184 1676 „
205 1582 286 1690 ipsa
321 1577 505 1658 decimum
545 1580 745 1688 septimum
792 1601 906 1688 supra
943 1579 1188 1656 centesimum
1226 1605 1319 1688 agr·

150 1745 187 1804 ³?
208 1714 265 1770 ret
283 1746 422 1771 ......
446 1689 610 1770 Claudit
630 1689 857 1768 orationem
888 1690 1004 1768 miles
1034 1692 1204 1789 eleganti
1240 1698 1318 1770 noc

151 1855 186 1904 2,
204 1805 535 1912 epiphonemate.
559 1805 668 1907 felix
691 1808 728 1882 si
755 1821 819 1913 ego
846 1831 929 1880 eam
958 1824 1051 1882 ante
1079 1801 1316 1884 humarum!

151 1919 310 2018 „Felix
340 1921 491 2002 scilicet
517 1919 652 1998 fuisset
687 1942 847 1998 mater:
876 1941 1054 2024 parentes
1083 1918 1192 2000 enim
1225 1920 1318 1998 finis

149 2036 431 2139 „superstites
476 2033 774 2114 infelicissimos
805 2058 844 2111 se
879 2053 1060 2130 vocant,
1099 2057 1141 2112 ιιι
1182 2034 1318 2116 videre

149 2201 184 2246 2,
202 2167 259 2226 est
289 2147 332 2227 in
359 2148 477 2230 variis
509 2147 861 2255 inscriptionibus,
885 2166 924 2222 et
952 2147 1233 2254 scriptoribus:
1266 2174 1317 2227 eo

150 2261 313 2358 „enim
338 2287 444 2343 casu
476 2261 620 2340 accidit
651 2260 794 2349 ordine
832 2282 1088 2366 praepostero
1135 2265 1317 2346 filiorum

152 2429 185 2474 „
207 2402 342 2475 mors,
360 2398 400 2454 et
418 2397 558 2458 contra
576 2397 671 2454 vota
694 2395 913 2483 parentum.
928 2381 959 2424 ‘⁶
977 2396 1050 2452 cer.

152 2549 159 2556 -
213 2492 259 2569 In
284 2521 386 2571 num.
407 2499 471 2580 36.
491 2489 650 2568 affertur
681 2487 918 2595 inscriptio,
949 2487 1057 2568 cuius
1086 2489 1319 2598 explicatio-

153 2621 249 2688 'nem
264 2631 424 2712 possum
439 2604 562 2682 etiam
579 2603 709 2684 dicere
723 2658 739 2699 ,
761 2625 803 2680 ut
822 2619 931 2709 saepe
946 2602 1062 2702 alias,
1081 2604 1318 2712 descriptam

153 2721 408 2818 nFiorezio‚
430 2719 525 2799 licet
543 2739 758 2798 auctorem
786 2715 950 2796 citet'ex
969 2743 1050 2823 qno
1070 2718 1111 2796 id
1128 2719 1320 2826 deprom-

151 2833 230 2928 sit,
249 2835 469 2914 Nicolaum
487 2833 712 2912 Antonium
732 2865 740 2908 ε
772 2827 982 2913 ostendum
1003 2832 1142 2930 enirn,
1160 2837 1241 2911 fere
1259 2833 1320 2912 ni·

153 2946 274 3025 hilm
297 2949 486 3028 hocloco
510 2952 556 3027 ab
574 2947 782 3026 Historico
804 2941 977 3041 adduci,
1001 2945 1111 3054 quod
1132 2973 1215 3028 non
1233 2949 1319 3028 fue-

154 3060 208 3140 rit
239 3057 535 3142 aCervariensi
553 3060 803 3144 Academico
834 3072 1082 3222 occupatum.
1116 3065 1176 3144 Ita
1202 3065 1319 3144 habet

154 3175 367 3286 inscriptio

445 3405 492 3486 o
531 3406 586 3486 N.
659 3404 1022 3488 rosinolo

454 3516 694 3603 nevero.
744 3521 848 3601 ss-r.
889 3512 1021 3601 ons
1092 3613 1096 3620 .

457 3634 1026 3721 TOLETANO.ANN
1095 3713 1098 3719 .

631 3751 848 3831 xxxxu
1006 3757 1007 3762 ‘

678 3937 781 4060 Μ
900 3931 931 3942 ,Α
