3240 4688
374 340 559 456 votuit
588 359 732 436 nutu.
761 357 873 432 urst..
898 357 1031 430 suen.
1223 310 1288 452 8¹3

133 547 169 594 „
187 513 307 590 segun
324 490 362 566 el
381 487 500 568 ettilo
521 487 570 569 dt
593 508 700 566 otras
722 485 1005 593 inscriptiones
1026 481 1075 562 de
1093 479 1294 586 Tarrngo·

132 662 167 708 ,‚
185 629 234 686 na
243 659 259 700 ‚
274 627 356 709 que,
368 629 443 712 por
461 603 573 682 todas
588 606 906 709 lert-aserprtsan
926 601 986 683 IN
1006 598 1292 682 HONOREM

133 775 166 822 „
184 715 255 800 ET
283 718 595 802 MEMORIAM
618 739 696 806 cet.
724 740 848 809 conto
872 716 1004 800 vimus
1026 740 1076 796 en
1098 717 1138 794 la
1158 739 1295 822 prete-

134 889 167 935 „
184 837 316 916 dente.
331 841 362 884 ‘⁶
378 832 461 912 Cur
478 832 778 917 coniitieudum
796 831 876 929 sit,
898 833 1060 912 fortasse
1079 826 1211 910 deesse
1228 828 1295 910 lit·

136 971 266 1030 teram
292 947 351 1045 E,
382 950 568 1056 profecto
592 973 678 1028 non
703 945 836 1028 video.
862 947 974 1028 Nam
1000 943 1111 1051 quod
1137 944 1179 1024 in
1208 942 1295 1024 aliis

137 1064 414 1144 monumentis
447 1068 598 1164 legatur
630 1061 792 1162 integris
822 1059 1066 1142 dictionibus
1100 1060 1163 1140 IN
1188 1059 1296 1138 HO-

139 1178 343 1272 NOREM
378 1177 449 1258 ET
483 1177 798 1262 MEMORIAM
815 1231 831 1273 ‚
866 1175 969 1259 nibil
1003 1179 1156 1282 probat.
1191 1174 1298 1254 Sicut

139 1296 250 1374 enim
279 1319 375 1382 vero
401 1292 534 1372 simile
556 1313 638 1389 est,
666 1288 965 1396 quadratarium
988 1310 1150 1395 propter
1176 1314 1297 1388 angus

141 1411 231 1498 stias
267 1409 349 1488 loci
374 1407 622 1490 ‚indicavisse
654 1419 848 1486 Honorem
885 1426 925 1486 et
960 1408 1186 1484 Memoriam
1209 1404 1300 1484 ,illo

142 1521 389 1632 compendio
418 1522 648 1602 litterarum
674 1523 715 1602 H
742 1521 841 1616 MEt
868 1521 923 1603 ita
947 1520 1180 1626 proximum
1202 1541 1301 1598 veto

140 1663 227 1734 est,
256 1638 425 1716 voluisse
452 1659 615 1744 propter
639 1634 797 1716 easdem
826 1635 1021 1733 angustias
1048 1636 1237 1716 omittere
1267 1645 1302 1710 sl

144 1752 231 1848 ET,
247 1773 293 1842 et,
312 1752 534 1850 significare
552 1751 761 1836 Honorem
780 1751 1111 1856 MEmoriamqrrr:
1130 1755 1193 1832 cui
1216 1751 1303 1855 opi.

143 1865 259 1956 trioni
283 1867 468 1948 libentius
485 1865 681 1960 adhaereo
694 1921 717 1964 „
732 1862 843 1972 quod
864 1886 979 1966 aegro
998 1863 1157 1946 videam
1170 1891 1196 1944 a
1213 1863 1304 1943 Flo,

144 1984 255 2064 rezio
272 1983 440 2070 concedi
457 1981 696 2064 emendandi
715 1980 934 2062 licent-iam,
953 1979 1131 2084 Superest
1148 2003 1245 2084 ergo
1259 2000 1303 2058 ut

143 2109 339 2180 Honorem
359 2103 658 2206 Memoriamque
688 2100 865 2194 legamus
885 2119 975 2184 tum
999 2094 1212 2192 Florezio,
1238 2099 1303 2176 vel

140 2212 282 2320 potius
296 2207 532 2292 Fintstrtsio
541 2263 556 2304 ‚
574 2208 699 2314 quiin
715 2211 792 2288 fine
807 2207 969 2314 prologi
988 2208 1152 2288 adbanc
1167 2211 1307 2290 instri-

144 2325 333 2434 ptionnrn
348 2322 414 2408 ait.
427 2370 459 2420 ,,
469 2324 608 2405 Vnum
623 2345 755 2405 tamen
767 2343 850 2418 ast,
870 2321 979 2428 quod
997 2325 1101 2404 fonte
1114 2349 1198 2404 non
1213 2347 1307 2404 asse·

146 2459 345 2547 „quotue
365 2439 407 2518 in
425 2438 663 2519 huiusmodi
675 2436 996 2546 inscriptionibus
1016 2464 1156 2544 patum
1178 2463 1309 2518 versas

147 2609 185 2654 ‚,
201 2577 292 2652 tus‚·
302 2553 500 2633 nimirum
519 2553 559 2635 H
582 2552 684 2651 ME,
706 2557 798 2660 qua's
816 2553 967 2650 litteras
989 2546 1235 2660 interpretor
1246 2552 1309 2632 ΙΝ

150 2723 182 2766 ‚,
200 2671 411 2752 Honorem
430 2667 741 2779 MEmoriaemque
761 2693 807 2746 ex
835 2667 923 2748 aliis
949 2691 1032 2748 non
1054 2666 1311 2748 dissimilibus

148 2838 186 2884 „
205 2781 507 2880 monumentis,
521 2785 587 2861 ubi
607 2782 769 2883 integris
787 2781 1029 2869 dictionibus
1048 2783 1230 2864 scribitur
1249 2783 1311 2864 IN

154 2897 490 2994 ‚sl-lONOREM
522 2895 593 2976 ET
624 2896 969 2993 MEMORJAM·,
1005 2899 1062 2976 uti
1092 2897 1228 2980 videre
1252 2918 1313 2978 est

151 3064 186 3110 ‚‚
197 3031 278 3096 cet.
290 3004 569 3106 “jssLasletras
579 3069 594 3109 ,
613 3011 857 3120 persequitur
870 3011 1069 3094 Florezius
1078 3069 1094 3112 ,
1107 3013 1215 3096 LVC
1231 3013 1316 3092 desi

152 3181 190 3224 ‚,
202 3151 295 3232 puts
309 3122 568 3220 deJanuaria,
581 3125 734 3234 puedtn
750 3127 918 3211 denotat
932 3131 1079 3224 aiguno
1093 3131 1142 3206 de
1156 3133 1315 3234 losmuf

151 3285 187 3339 g,
206 3241 302 3320 thos
321 3245 629 3325 sobrenombtes
641 3297 656 3338 ‚
680 3265 754 3348 que
772 3245 1013 3350 tmpezaban
1034 3268 1111 3320 ton
1134 3239 1263 3326 LVC:
1283 3247 1317 3343 (ξ

153 3354 223 3438 sed
238 3381 325 3434 mea
340 3349 502 3460 quidem
519 3357 716 3440 sententia
731 3356 906 3434 indicant
929 3380 1173 3458 praenomen
1188 3353 1316 3452 Lucii,

158 3470 270 3574 quod
286 3473 401 3550 habet
412 3467 610 3554 Caecilius
624 3471 927 3578 Epitynchanus.
949 3467 1056 3554 Sicut
1069 3471 1180 3551 enim
1196 3471 1317 3552 lulius

159 3583 376 3687 aliquando
396 3611 472 3674 una
491 3587 625 3668 lit-tera
646 3588 688 3686 1,
716 3583 932 3690 aliquando
951 3593 985 3656 el
1008 3585 1098 3666 lVL
1120 3585 1318 3679 indicatus
1346 3667 1348 3672 s

157 3699 431 3782 consentiente
446 3701 631 3789 florezio
646 3727 724 3814 cap.
736 3713 1009 3797 XII‚,·num.9.;
1028 3727 1095 3783 cut
1110 3729 1192 3786 non
1208 3700 1319 3784 idern

162 3809 342 3896 dicemus
363 3815 402 3896 in
422 3815 572 3896 Lucios
598 3818 724 3917 Quod
747 3818 778 3896 si
803 3817 856 3892 ita
879 3815 1211 3925 interpretamur,
1236 3827 1321 3900 non

161 3927 237 4008 erit
262 3953 416 4014 necesse
441 3955 487 4014 cs
514 3933 765 4040 compendio
787 3929 1015 4044 litterarum
1038 3931 1235 4038 coniicere
1254 3953 1321 4008 co-

744 4051 811 4130 Lz
1161 4067 1264 4145 gno-⁴
