3240 4688
313 239 375 326 62
519 261 844 336 nuusruusrvs
867 265 1041 336 umore.
1064 265 1094 332 r
1117 264 1213 330 err.
1231 263 1289 328 ιιι.

311 388 486 492 „tertio
510 415 597 470 casu
619 394 786 474 Similici
797 449 813 491 ,
845 393 1017 472 feminae
1045 415 1143 472 vero
1166 386 1367 490 carralia,
1393 385 1474 472 nisi

309 558 343 606 „
363 506 467 586 forte
494 507 620 608 magis
636 507 814 588 'arrideat
837 504 1088 614 interpretari
1107 502 1157 582 C.
1170 503 1220 586 V·
1238 503 1330 582 Caii
1355 528 1475 606 uxor,

306 665 340 721 5,
359 647 503 729 nempe
520 619 569 700 C.
587 619 705 702 Tadii
722 623 911 730 patroni,
932 645 1031 726 quae
1050 622 1197 701 liberto
1224 619 1475 702 memoriam

308 785 342 834 „
360 733 546 842 posuerit.
561 743 593 784 ‘⁶
609 736 839 833 Florezius,
855 757 898 816 ut
915 735 1090 818 vidimus
1107 758 1247 841 supra,
1270 735 1356 812 vult
1376 736 1473 820 lruic

305 849 350 942 L.
368 849 502 938 Tadio
520 849 669 928 Similis
686 847 802 933 fuisse
825 875 1077 952 cognomen:
1105 847 1173 929 sed
1197 871 1265 928 cur
1289 872 1374 928 non
1397 875 1472 954 por

305 965 383 1044 tuit
399 989 479 1044 esse
498 965 658 1061 Similex
669 1021 684 1062 ,
711 983 755 1044 ut·
772 965 938 1046 coniicit
954 963 1235 1044 Finestresiusl
1263 960 1384 1065 quia,
1409 963 1471 1054 in·¹

305 1077 394 1184 quit
406 1134 422 1175 ,
445 1097 605 1158 nonest
629 1078 848 1176 credibile,
869 1104 991 1185 quum
1017 1074 1185 1156 secunda
1208 1076 1314 1156 linea
1333 1095 1468 1159 totum

303 1194 437 1300 posset
460 1215 599 1300 capere
623 1218 881 1298 cognomen,
906 1197 986 1272 hoc
1003 1189 1195 1274 divissum
1218 1189 1356 1271 fuisse:
1385 1191 1468 1281 int-2

307 1307 498 1390 becillum
520 1333 612 1388 sane
634 1305 1093 1408 argumentquuidl
1121 1304 1154 1382 si
1182 1307 1467 1389 marmorarius

306 1424 500 1530 putavit,
530 1447 570 1500 se
599 1419 749 1502 divisso
776 1419 1053 1518 cognomine,
1087 1439 1127 1496 et
1154 1417 1328 1499 secundo
1352 1445 1468 1504 versu

311 1533 572 1616 contractiori
593 1537 704 1614 facto
722 1536 943 1634 gratiorem
965 1531 1183 1632 legentium
1207 1533 1333 1612 oculis
1357 1550 1469 1640 aspe'-

310 1669 421 1728 ctum
441 1647 739 1756 praebiturum?
766 1644 840 1728 Sed
858 1646 996 1726 demus
1015 1649 1070 1726 ita
1086 1670 1186 1726 esse:
1205 1647 1323 1726 fuerit
1341 1645 1406 1726 hic
1419 1650 1467 1732 L.

308 1758 458 1840 Tadius
476 1761 656 1859 Similis,
681 1782 721 1840 et
741 1787 825 1842 non
842 1761 1032 1853 Similes:
1060 1780 1211 1868 quanto
1236 1787 1340 1848 nunc
1366 1788 1467 1844 vcro

307 1876 485 1966 similior
502 1878 571 1956 fiet
589 1877 816 1962 coniectura
834 1874 1057 1954 Finestresii
1084 1873 1332 1958 emendantis
1361 1875 1466 1960 illud

305 1986 375 2068 cl.
398 1989 442 2070 in
469 1987 550 2066 CL.
569 1989 791 2090 relegentis
811 1987 1139 2078 Caiididertrrmi
1161 1989 1237 2070 nisi
1255 1989 1365 2072 enim
1384 1993 1465 2076 hoc

308 2102 506 2200 dicimus,
538 2127 619 2209 quo
645 2125 719 2184 nos
746 2125 862 2212 pacto
890 2107 1043 2186 abhoc
1071 2110 1168 2186 loco
1202 2102 1464 2212 expedimust

307 2217 487 2311 dicemus
510 2219 673 2298 fortasse
697 2239 905 2326 praeeunte
929 2220 1113 2300 Florezio
1142 2219 1310 2298 indicari
1332 2235 1366 2300 τι
1392 2218 1464 2300 cl.

307 2332 474 2439 aliquod
492 2355 538 2410 ex
559 2333 864 2432 cognominibus
875 2351 1002 2440 ,quae
1021 2335 1103 2412 istis
1120 2331 1375 2417 initiabantur
1395 2333 1464 2420 lit·-v

307 2447 427 2526 teris?
456 2447 752 2553 quisurnquam
775 2447 925 2528 audivit
938 2505 953 2546 ,
975 2443 1039 2528 aut
1061 2449 1158 2549 legit
1179 2449 1222 2526 in
1243 2448 1464 2554 inscriptio·

305 2562 420 2642 nibus
444 2587 514 2668 pet
531 2561 756 2644 litterarum
775 2559 1061 2670 compendium
1079 2563 1253 2645 breviata
1270 2565 1349 2642 hoc
1370 2588 1463 2642 mo-

308 2674 364 2771 do
389 2679 674 2760 Romanorum
700 2678 974 2778 cognominat
1000 2676 1137 2756 Iamsi
1160 2680 1256 2750 haec
1279 2677 1463 2756 valuisset

297 2790 505 2875 scribendi
524 2791 656 2888 ratio,
676 2791 820 2898 passim
841 2791 956 2868 nobis
975 2807 1101 2866 essent
1119 2794 1167 2866 ab
1189 2785 1326 2863 inferis
1345 2788 1464 2882 susci-¹

301 2905 414 2984 tandi
429 2909 576 2990 horum
593 2923 952 2984 monumentorum
969 2919 1163 2998 auctores,
1179 2919 1243 2978 aut
1264 2898 1462 3002 advocari,

304 3019 347 3098 di
366 3045 549 3122 augures,
568 3019 635 3124 qui
652 3018 748 3096 haec
766 3012 1271 3116 cognomina‘divinarent.
1296 3015 1368 3096 lsti
1383 3037 1460 3106 nos

303 3135 362 3216 bis
389 3136 432 3214 in
456 3130 672 3243 praesentia
697 3128 902 3226 dicerent,
924 3156 973 3208 an
995 3149 1131 3210 noster
1153 3130 1304 3210 Tadius
1326 3128 1460 3211 fuisset

303 3249 445 3358 aliquis
472 3249 540 3349 (l)
568 3244 702 3344 Cilix,
733 3245 874 3350 aliquis
904 3242 1102 3342 Cimber,
1131 3245 1271 3348 aliquis
1305 3242 1459 3322 Cinna·v

303 3391 396 3448 mus
408 3423 424 3464 ,
446 3391 497 3446 an
520 3360 712 3462 Cincius,
735 3387 785 3443 an
808 3358 1096 3459 Cincinnatus,
1121 3385 1170 3440 an
1192 3355 1359 3440 Cinaeas
1372 3413 1387 3455 ,
1410 3382 1461 3440 an

312 3570 316 3576 .
942 3505 945 3512 ’
1274 3469 1403 3560 Cin·
1459 3567 1463 3574 .

315 3596 572 3726 '’didi-..leguntur
586 3636 701 3718 quidem
721 3635 870 3716 aliquando
889 3634 1084 3714 compendiata
1103 3588 1347 3724 affl
1365 3651 1394 3693 et
1407 3655 1459 3693 co*

306 3722 442 3808 gnomina
460 3723 489 3782 in
507 3717 753 3807 inscriptionibus,
770 3717 858 3796 ueluti
873 3720 974 3808 lucar,
994 3737 1042 3794 pro
1060 3719 1194 3808 lucarius
1204 3747 1215 3782 ι
1230 3719 1313 3776 Lucu.
1335 3736 1385 3807 pro
1399 3717 1459 3770 Lu-

303 3806 424 3876 cretius,
441 3803 543 3870 Caecii.
564 3821 613 3880 pro
632 3799 788 3867 Caecilius,
808 3813 837 3856 et
856 3796 911 3854 ulra
926 3794 1106 3854 huiusmodr:
1126 3793 1175 3853 sed
1194 3813 1249 3854 uon
1270 3812 1312 3855 est
1327 3809 1461 3852 usitatum

306 3901 364 3945 tam
382 3885 477 3966 'paucis
494 3881 605 3943 initiata
621 3877 724 3940 litteris.
738 3877 827 3962 poni,
847 3873 922 3961 quie
950 3877 1037 3959 aptari
1061 3875 1169 3958 possint
1192 3875 1328 3936 sexcentis
1351 3891 1467 3955 cogno·-

306 3966 440 4030 minibus.
921 3983 925 3986 ·
1103 3979 1109 3986 ’
1203 3970 1207 3979 '
