3240 4688
333 241 400 345 98
509 279 839 349 rrnnsrnustvs
863 280 1039 348 vrunrc.
1061 280 1093 346 a
1116 279 1213 348 car.
1233 277 1342 347 xvn.

333 403 448 486 cuido'
458 435 504 487 en
518 411 652 486 omitir
668 434 748 488 rma
767 407 916 491 diction
938 437 984 487 en
1008 407 1048 486 la
1066 408 1208 486 ultima
1228 408 1363 506 linea,
1394 430 1500 518 quo-=

335 546 426 600 rum
457 547 670 630 utrumque
700 527 846 604 falsum
872 546 952 604 est:
973 523 1237 630 nequeenim
1267 523 1499 606 praestrui*-

332 637 610 720 usdictionetn
625 638 664 717 in
684 641 827 719 ultima
840 639 968 736 linea,
984 637 1119 744 (quod
1140 639 1401 740 exaggerandi
1420 644 1497 724 cri·

332 753 455 833 minis
474 779 603 834 caussa
619 752 777 835 videtur
793 755 1044 864 appositum)
1063 751 1132 830 sed
1158 753 1250 832 duas
1270 755 1311 833 in
1337 781 1412 834 una
1432 759 1500 837 di·

332 868 468 949 ctione
487 869 637 947 litteras
652 869 818 966 omisit,
842 868 1034 974 quoniam
1051 867 1162 970 Roig
1178 871 1295 948 habet
1307 883 1493 952 ‘PaMACr
1596 869 1597 880 '

330 996 382 1060 D.
405 998 484 1082 D„
507 981 775 1062 Cervariensis
790 983 1055 1062 Academicus
1072 997 1113 1060 Ρ.
1133 997 1189 1062 Μ.
1204 998 1254 1060 D.
1271 997 1320 1060 D.
1330 983 1493 1066 vDeinde

331 1095 540 1203 quodait‚
571 1098 701 1178 minus
730 1097 779 1178 ad
810 1099 1116 1198 intelligentiam
1140 1098 1493 1195 accommodatum
1596 1173 1597 1186 ,

332 1237 412 1291 esse
444 1213 663 1293 lectionem
694 1213 916 1293 Finestresii
932 1269 947 1311 ,
975 1239 1099 1292 netno
1115 1213 1193 1292 sibi
1224 1213 1266 1292 id
1298 1239 1492 1320 umquam

329 1328 606 1434 persuadebit,
636 1330 828 1436 quoniam
860 1328 959 1430 sigla
989 1329 1059 1407 illa
1076 1343 1116 1430 12.
1144 1342 1200 1405 M.
1223 1341 1274 1407 D.
1300 1341 1352 1405 D.
1376 1355 1490 1410 com·

328 1441 502 1522 modum
531 1447 682 1522 liabent.
694 1466 734 1520 et
750 1443 1008 1522 notissimum
1037 1466 1226 1538 sensum,
1254 1468 1376 1549 quem
1407 1445 1489 1526 illis
1596 1449 1597 1452 '

326 1556 467 1633 tribuit
496 1557 748 1636 Finestresius
763 1613 778 1654 ,
807 1561 978 1634 Positum
1006 1569 1298 1635 Monumentum
1326 1571 1487 1644 Decreta
1596 1551 1597 1600 ³

328 1677 587 1751 Decurionum
605 1704 613 1750 t
632 1672 841 1751 obscurior
872 1695 977 1751 certe
1005 1693 1139 1750 manet
1165 1673 1288 1750 lectio
1307 1671 1487 1780 Gasparis

326 1785 438 1889 Roig
455 1843 470 1884 ‚
501 1815 576 1894 qua
592 1787 708 1866 nobis
724 1787 922 1868 incertum
941 1787 1177 1892 relinquitur
1195 1811 1243 1866 an
1259 1787 1377 1866 fuerit
1401 1791 1489 1870 Ma·

327 1925 421 1998 cer,
454 1927 502 1978 an
533 1902 789 1998 Matienius,
817 1927 865 1978 an
896 1902 1097 1979 Macrinus
1119 1937 1142 1998 ,Ν
1162 1928 1211 1982 an
1241 1904 1486 2003 Macrobius,

326 2014 394 2118 qui
419 2037 730 2094 monumentum
755 2015 899 2122 posuit.
929 2014 1056 2116 Quod
1078 2039 1210 2095 autern
1231 2017 1484 2098 Finestresius
1596 2053 1597 2118 g

326 2129 509 2207 omiserit
523 2127 781 2209 duas-litteras
798 2153 813 2228 3
840 2131 1019 2239 inculpa
1035 2154 1134 2210 esset
1152 2131 1325 2210 maxime
1351 2159 1482 2240 repre·

324 2245 563 2340 lrendendat
595 2245 668 2324 nisi
693 2245 852 2324 veniam
882 2247 1000 2324 nobis
1028 2247 1311 2355 polliceremur
1329 2273 1374 2324 ex
1394 2247 1483 2354 ipso

321 2355 506 2438 Florezio
519 2415 536 2458 ,
563 2361 629 2466 qui
649 2363 781 2457 hanc,
808 2381 849 2438 ut
871 2361 1047 2467 opinor,
1079 2389 1163 2440 non
1191 2382 1349 2459 gravate
1378 2385 1484 2442 cons

250 2468 255 2476 ’
320 2475 463 2573 cedet,
495 2477 525 2553 si
546 2478 694 2576 cogitet
711 2501 733 2554 a
751 2501 788 2554 se
808 2475 894 2583 ipso
911 2475 951 2553 in
965 2473 1232 2585 descriptione
1251 2475 1481 2583 inscriptio-
1596 2473 1597 2482 '

317 2589 410 2687 nis,
441 2617 561 2696 quarn
592 2590 703 2669 affert
725 2615 805 2702 cap.
830 2603 1100 2674 XVHsnum.
1133 2595 1193 2670 18.
1225 2616 1310 2669 non
1340 2589 1482 2672 dicam·

319 2703 413 2784 duas
441 2708 626 2802 litteras,
656 2706 724 2784 sed
755 2709 952 2806 integram
974 2707 1124 2784 lineam
1155 2703 1270 2782 fuisse
1300 2727 1481 2806 praeter-l

315 2820 505 2914 missam3
534 2843 573 2897 et
591 2842 669 2898 tres
685 2821 785 2896 alios
809 2845 937 2896 versus
955 2819 1127 2916 integros
1157 2816 1199 2892 in
1227 2814 1351 2892 tribus
1383 2817 1477 2900 aliis

316 2934 589 3033 monumentis
604 2932 956 3030 diligentissimum
972 2947 1100 3009 cetera
1114 2929 1352 3041 scriptorem
1361 2947 1478 3042 praes*
1596 2979 1597 2986 κ

317 3046 558 3143 termisisse,
590 3067 632 3123 ut
650 3044 926 3124 adnotavimus
944 3069 1069 3154 supra.
1452 3075 1453 3078 ¹

373 3159 510 3240 Multo
541 3160 693 3262 magis,
725 3181 967 3267 quamquam
997 3161 1070 3240 illa
1097 3161 1299 3261 manime,
1329 3181 1474 3241 conte-a

314 3277 491 3357 mnenda
508 3275 690 3358 videntur
707 3302 805 3383 quae
819 3275 1019 3354 Florezius
1037 3275 1135 3356 dicit
1152 3282 1194 3354 in
1208 3307 1310 3355 num.
1325 3279 1468 3368 37cubl

314 3393 410 3474 haec
428 3393 595 3501 reperies
608 3427 617 3471 ε
630 3420 662 3490 ,5
686 3392 794 3500 Aqui
813 3415 992 3498 propone
1009 3390 1199 3470 Finestres
1226 3415 1349 3468 como
1366 3394 1478 3472 estis-2·-

311 3541 344 3604 ὁ,
364 3518 470 3586 rente
493 3535 542 3589 en
557 3505 790 3608 Tarragona
809 3511 847 3584 la
866 3505 1106 3612 inscription
1125 3503 1174 3582 de
1192 3503 1362 3604 Grutero
1370 3531 1478 3620 pags

312 3675 344 3724 „
363 3635 736 3700 occursurum.
752 3618 847 3712 ede
860 3617 909 3697 C.
921 3632 1028 3698 Naeo
1043 3621 1251 3699 Munacioz
1267 3646 1358 3727 pues
1373 3649 1464 3701 aun-

309 3790 341 3837 „
361 3763 435 3846 que
451 3735 516 3816 vib
532 3763 551 3813 a
565 3735 772 3830 fabretto,
788 3737 801 3812 i
816 3735 982 3838 Ligurio
991 3790 1006 3831 ,
1021 3761 1095 3865 qpe
1113 3739 1153 3813 la
1170 3761 1392 3834 reconocen
1409 3761 1459 3814 en

305 3865 549 3973 &Nomento
571 3851 621 3931 de
648 3847 762 3960 ltalia
773 3906 790 3960 ,
812 3846 930 3960 crleici
946 3869 1149 3964 estarraen
1162 3857 1296 3962 antbas
1318 3868 1468 3954 partes„

368 4029 369 4032 ¹
1249 3965 1405 4066 „Peto
