3244 4710
311 269 315 276 '
396 265 894 343 vouvu.xx1111.r11sr.
931 265 1058 336 suctu
1210 251 1302 366 199

279 631 319 710 F.
369 625 693 712 ARASCAE.
753 622 1083 707 DOMINAE.
1133 626 1158 706 S

281 743 404 824 FEC.
437 747 512 824 M.
557 741 874 824 nRASCVs.
924 741 966 819 L.
1020 740 1162 828 MER

279 859 413 938 VIX.
456 859 621 938 PLVS.
667 857 887 936 MINVS.
933 853 1160 934 ANNOS

280 971 329 1052 C.
359 973 411 1052 H.
442 972 477 1050 S.
507 972 550 1052 E.
580 969 699 1052 su.
730 972 782 1053 Τ.
811 970 856 1050 L.
886 967 937 1048 T.
967 969 1018 1052 R.
1048 969 1090 1049 P.
1122 971 1173 1054 D..

143 1203 285 1284 Postea
300 1201 512 1282 Florezius.
533 1256 565 1298 „
588 1197 749 1279 Ornitid
774 1197 965 1279 Finestres
980 1203 1016 1276 el
1035 1194 1219 1279 Manibus
1231 1215 1306 1280 51⁴

142 1372 176 1416 „
193 1345 326 1413 crum,
358 1317 369 1394 i
389 1313 534 1396 afiadid
551 1337 695 1423 puntos
712 1316 872 1394 avarius
887 1313 1087 1392 dicciones
1104 1369 1120 1411 ,
1148 1341 1223 1419 que
1250 1341 1307 1394 no

144 1481 175 1531 ‚‚
195 1435 232 1509 le
262 1433 396 1511 tienen
427 1457 474 1508 en
505 1435 544 1508 la
570 1427 696 1509 citada
723 1427 885 1508 edicion
902 1483 917 1526 ‚
951 1428 1208 1508 disolviendo
1243 1435 1307 1510 los
1364 1428 1369 1439 '

143 1601 175 1644 ,‚
194 1545 437 1652 diptongos‚
460 1570 600 1649 queen
623 1549 821 1624 ellaestan
841 1570 916 1624 con
930 1544 1005 1624 AE:
1029 1569 1125 1652 pero
1144 1541 1307 1653 pudiera

143 1715 178 1760 „
197 1663 315 1740 haber
338 1656 512 1738 astadido
527 1684 611 1737 mas
627 1681 772 1766 puntos
799 1670 849 1736 en
878 1679 955 1735 tres
972 1657 1202 1754 dictiones,
1232 1685 1308 1764 que

144 1830 178 1872 ‚,
195 1772 284 1886 dejd
298 1775 357 1852 sin
373 1775 599 1879 separacion
618 1827 633 1870 ‚
665 1775 676 1849 i
698 1797 768 1850 son
788 1777 843 1850 las
867 1773 1134 1880 principales,
1166 1797 1307 1876 enque

144 1943 177 1987 „
195 1910 303 1968 estan
329 1887 597 1986 desfigurados
623 1892 685 1967 los
716 1893 903 1966 nombres
932 1884 981 1965 de
1011 1891 1067 1965 las
1098 1899 1306 1996 personasz

144 2013 177 2101 ,',
196 2029 286 2110 pues
309 2005 428 2108 quien
456 2008 516 2081 lea
536 2003 800 2083 ,inmemoria
819 2029 867 2082 eu
887 2004 1035 2097 Retes,
1054 2002 1079 2084 i
1098 2027 1147 2080 en
1175 2002 1310 2080 Fines·

144 2169 177 2215 „
196 2139 302 2212 tres,
330 2114 461 2196 crecti
490 2119 675 2216 (scilicet
694 2118 882 2215 sifungus
896 2172 911 2212 ,
941 2115 1116 2212 caudex,
1148 2139 1212 2192 aut
1239 2117 1311 2195 stis

145 2257 211 2340 pes
228 2233 307 2332 sit)
326 2257 400 2337 que
412 2235 456 2310 ‘lu
473 2233 622 2311 Senota
651 2255 699 2310 se·
717 2229 843 2308 llarnt's
860 2235 1031 2307 Farae'sra
1045 2283 1061 2327 ‚
1096 2231 1109 2306 i
1140 2235 1177 2308 el
1196 2229 1312 2310 dedi·

144 2399 178 2444 „
196 2369 309 2427 eante
339 2360 518 2427 Marasco
543 2381 553 2428 ι
574 2371 672 2454 pero
703 2371 754 2424 en
772 2348 810 2424 el
842 2341 1092 2424 comentariu
1121 2369 1220 2450 puto
1249 2345 1311 2451 Fi·

144 2513 177 2557 ,,
197 2483 343 2540 nestres
360 2479 405 2541 1³.
418 2478 594 2558 Aratea,
627 2466 716 2538 iu.
730 2473 888 2537 Arasco.
914 2467 946 2508 ‘⁶
977 2459 1031 2538 Ex
1051 2459 1129 2538 hoc
1147 2458 1234 2566 ipso
1252 2460 1312 2540 vi·

146 2575 240 2654 dere
266 2578 403 2655 debuit
428 2577 660 2673 Florezius‚
690 2574 896 2654 neminem
924 2575 1098 2652 futurum
1113 2629 1129 2672 ‚
1160 2573 1228 2679 qui
1256 2578 1313 2656 len

148 2713 215 2770 cto
245 2689 482 2773 Finestresio
508 2713 643 2796 putare
671 2710 832 2796 posset,
863 2688 1314 2770 dominam·farascam
1386 2681 1398 2710 ‘

146 2805 228 2882 dici
246 2854 261 2898 ,
277 2828 331 2881 -et
345 2805 597 2885 dedicantem
613 2817 846 2880 Marascum.
880 2802 955 2882 Sed
972 2800 1069 2908 quid
1087 2803 1250 2883 taudem
1270 2807 1312 2888 in

149 2917 386 2996 Finesttesio
414 2921 615 3026 improbat
646 2918 846 2998 Florezius
863 2921 878 2996 ἓ
895 2915 1005 3024 quod
1030 2941 1314 3026 praenomena

146 3033 316 3112 nomine
334 3057 418 3110 non
440 3033 662 3113 distinxerit
677 3030 809 3112 media
824 3031 1171 3140 interpunctione,
1189 3061 1314 3139 quum

144 3169 289 3258 puncta
308 3145 537 3244 addiderit,
566 3173 664 3253 quae
683 3168 892 3226 nouerant
919 3149 961 3227 in
989 3148 1165 3228 Retesio.
1198 3153 1313 3251 Quae

22 3299 25 3302 ·
145 3264 310 3342 tandem
353 3261 575 3340 Finostresii
615 3267 729 3369 culpa
761 3283 865 3360 est,
909 3267 1066 3343 nulium
1100 3261 1312 3346 divisionis

146 3377 304 3478 signum
331 3379 502 3484 posuisse
520 3377 624 3459 inter
640 3401 884 3484 praenomen
911 3401 952 3457 et
978 3383 1157 3456 nomen?
1184 3405 1310 3486 quum

145 3498 330 3588 nullutn,
355 3494 625 3574 consentiente
644 3493 875 3589 Historico,
902 3513 1071 3600 ponatur
1088 3519 1110 3571 a
1127 3493 1308 3594 Retesio,

146 3607 213 3715 qui
244 3631 340 3684 unus
370 3630 427 3684 est
457 3629 595 3686 auctor
618 3608 736 3696 ¹huius
765 3608 914 3709 vulgati
944 3607 1085 3718 lapidis
1102 3637 1114 3703 3
1150 3633 1222 3690 nec
1257 3612 1309 3690 sit

146 3721 317 3800 unicum·
336 3737 680 3817 monumentum,
713 3722 851 3828 inquo
881 3729 1059 3824 neglecta
1087 3721 1309 3824 videamus,

145 3857 186 3913 et
212 3835 412 3944 repudiata
426 3839 474 3916 ab
492 3836 662 3946 antiquis
679 3833 827 3919 indicia
845 3837 1069 3921 divisionis.
