3244 4710
338 267 438 364 168
536 309 863 382 nmasrttnstvs
886 313 1060 382 trunto.
1083 315 1114 380 ι
1140 313 1237 380 ιιι.
1252 313 1362 382 ιιιιιι.

332 462 412 548 cap.
434 449 505 518 XI.
519 467 622 518 num.
643 461 805 552 1'4..paeg.
826 439 917 520 108·
935 439 1001 520 obi
1021 441 1142 520 haec.
1133 467 1347 552 taunque
1361 445 1501 520 Fines

328 571 463 632 tres..
478 553 676 635 deceno
699 550 788 633 tabe
814 553 947 664 deque
974 557 1184 634 Provincia
1215 582 1281 634 era
1298 557 1501 636 Presidtn-

327 686 399 763 te,
402 661 599 748 debemus
615 669 848 751 ostender..
863 669 937 748 .de
952 669 991 748 la
1008 677 1158 782 Espaeiae
1175 671 1354 750 citerior.
1385 671 1504 770 Quid

330 779 640 888 pluraieodent
667 807 749 894 cap.
738 811 877 862 mum.
893 809 961 862 20.
984 808 1074 896 pag.
1096 809 1187 862 111.
1207 809 1324 884 agens
1340 785 1389 864 de
1406 809 1504 864 mo-

327 901 524 976 numento
543 897 700 978 Maecio
714 897 851 979 Probo
868 895 1107 978 dedicato
1074 919 1156 979 att.
1175 909 1228 977 Su
1244 926 1376 1009 muger
1392 913 1504 979 Pom.

320 1013 444 1121 portia
461 1017 610 1110 Arria,
622 1039 652 1090 ι
670 1041 715 1092 su
738 1008 817 1114 bijo
845 1025 901 1090 M.
930 1016 1129 1126 Pomponio
1147 1017 1301 1092 Maecio
1315 1013 1503 1096 cuidaron

326 1123 372 1202 de
380 1127 519 1236 ponerl
516 1155 535 1204 e
548 1149 631 1205 esta
646 1131 828 1206 memoria
854 1127 1005 1240 desperes
1017 1128 1062 1206 de
1077 1148 1253 1206 maereo:
1273 1155 1289 1205 r
1282 1121 1500 1210 habiendo

326 1240 409 1316 sido
436 1269 483 1318 en
510 1251 767 1351 Tetrogonis,
781 1241 1019 1354 corresponde
1031 1243 1097 1354 ap
1095 1246 1177 1320 icae
1192 1267 1218 1320 a
1235 1262 1318 1321 esta
1330 1247 1499 1320 Provm

327 1357 423 1431 riri
445 1357 658 1467 capitella
678 1361 873 1468 Lagaria,
896 1383 1047 1466 cunque
1074 1357 1115 1435 la
1140 1355 1274 1468 piedra
1290 1384 1339 1434 no
1363 1357 1400 1434 lo
1427 1383 1499 1450 ιιι-ι,

317 1491 446 1580 presa.
473 1474 586 1570 Quae
604 1469 799 1576 quidem,
827 1469 984 1550 nisime
1000 1471 1139 1549 omnia
1157 1473 1330 1566 fallunt,
1363 1471 1499 1570 mani-J

329 1583 433 1690 fest-o
451 1584 681 1682 declarant,
714 1583 756 1664 in
778 1589 918 1664 nostro
936 1583 1096 1692 lapide,
1125 1609 1369 1691 quamquam
1387 1583 1496 1682 indi-f

328 1719 435 1776 carus
471 1725 553 1778 non
587 1701 639 1777 sit
673 1703 784 1780 locus
818 1697 1147 1796 iurisdictionis,
1184 1696 1497 1797 intelligendum

326 1812 446 1890 inisse
477 1814 734 1921 provinciam
754 1814 1111 1895 Tarraconensem.
1145 1811 1317 1893 Vitanda
1346 1833 1402 1890 est
1421 1813 1496 1914 igi-

326 1943 392 2004 tur
408 1931 505 2008 hacc
523 1927 785 2026 emendatio,
820 1953 945 2057 quum
974 1927 1018 2006 Fi
1003 1928 1174 2006 lotezius
1197 1926 1496 2008 correctionem

326 2038 550 2121 Finesttesii
573 2047 646 2152 (g)
670 2043 957 2152 contempserit
985 2041 1029 2122 itt
1058 2041 1141 2121 alio
1171 2044 1269 2122 loco
1285 2096 1304 2139 ,
1334 2040 1377 2120 in
1407 2065 1492 2200 quo

328 2175 413 2233 erat
439 2157 640 2264 desperata
669 2161 783 2236 salos.
877 2249 880 2254 ,

396 2269 656 2372 Progreditur
682 2269 913 2371 Flotezius,
940 2291 981 2353 et
1009 2285 1113 2354 num.
1140 2299 1209 2370 40.
1249 2268 1304 2352 ait
1334 2270 1491 2372 „Este
1609 2309 1611 2342 ε

325 2437 358 2482 ,,
376 2383 520 2465 Novio
543 2385 652 2467 Rufo
670 2412 709 2465 es
732 2385 782 2466 de
808 2386 935 2494 quien
959 2389 1075 2468 habla
1101 2389 1185 2466 ιιι
1167 2382 1235 2466 lib.
1254 2389 1321 2466 28.
1346 2384 1397 2466 de
1427 2389 1491 2467 los

325 2498 512 2600 Digesros
541 2503 608 2578 tit.
636 2513 684 2582 V.
718 2502 764 2582 de
789 2503 929 2604 Herod.
948 2507 1049 2580 inst.
1078 2502 1104 2580 l.
1122 2529 1189 2590 92.
1216 2507 1249 2554 “
1271 2501 1370 2582 Satis
1399 2503 1492 2581 her·

321 2618 387 2693 cle
418 2612 666 2694 confidenter
699 2614 742 2694 id
773 2616 943 2696 affirmat
971 2617 1223 2714 Histoticus,
1253 2621 1492 2720 a.quon0'n

321 2741 487 2836 possum
519 2735 602 2808 noir
632 2727 855 2811 desiderate
879 2733 1065 2810 'salutare
1107 2729 1209 2806 illud
1253 2725 1513 2811 adverbium¹

311 2843 513 2946 fireasse,
544 2870 625 2948 quo
655 2844 729 2923 sibi
752 2849 889 2924 cavere
906 2848 1037 2921 solent
1068 2865 1210 2936 omnes
1240 2862 1420 2920 auctores
1448 2843 1492 2926 in

318 2956 595 3066 >proponendis
619 2957 849 3036 huiusmodi
869 2955 1119 3036 coniecturis.
1149 2955 1259 3034 Na'm
1278 2981 1376 3062 quae
1404 2976 1491 3040 tan·

318 3075 422 3152 -dem
453 3095 582 3150 caussa
611 3093 698 3168 est,
726 3095 795 3151 cur
813 3091 897 3148 tam
924 3090 1150 3149 constanter
1167 3091 1206 3149 et
1223 3070 1415 3150 affirmate
1433 3095 1492 3156 as,-

319 3210 581 3291 seueremus,
607 3185 791 3266 Novium
806 3184 987 3280 Rufum,
1018 3185 1085 3289 qui
1098 3185 1195 3263 'tulit
1212 3188 1315 3264 hanc
1331 3207 1488 3265 senten.-

318 3303 454 3399 ariam,
469 3300 755 3380 eumdemesse
770 3326 861 3381 cum
878 3300 1019 3379 Novio
1037 3298 1148 3380 Rufo
1159 3355 1175 3397 ,
1189 3300 1239 3378 de
1256 3324 1336 3405 quo
1354 3299 1488 3406 loqui·

322 3445 391 3500 tue
393 3416 562 3498 laudata
588 3421 680 3494 lex.
669 3420 683 3474 ²
703 3437 864 3524 propter
881 3413 991 3492 idem
1018 3439 1171 3495 nomen
1197 3413 1428 3510 videlicet,
1448 3433 1489 3494 et

318 3533 419 3642 ·quia
448 3557 611 3635 uterquc
642 3531 684 3608 in
710 3533 805 3608 haec
837 3543 1019 3634 tempora
1049 3527 1213 3610 incidit:
1235 3529 1488 3614 imbecillum
1607 3599 1608 3612 .

324 3673 417 3732 sone
454 3668 495 3728 et
533 3645 665 3725 debile
699 3664 1013 3805 argumentum,
1050 3641 1162 3778 quod
1190 3648 1329 3726 locum
1364 3645 1489 3753 aperit

365 4016 426 4117 (g')
466 4028 539 4102 Vide
564 4028 761 4092 Finestresium
782 4026 954 4091 vindicatum
969 4048 987 4090 a
1001 4045 1062 4107 cap.
1077 4031 1180 4091 XIIII.
1196 4051 1273 4090 num.
1284 4049 1311 4106 5.
