3244 4672
322 413 325 420 ·
367 367 548 437 votvn.
582 366 725 436 xxnn.
753 369 865 436 nisu.
897 369 1023 436 saon.
1235 351 1289 446 53

144 553 177 596 ,,
194 493 392 575 Tarnbien
409 519 448 574 es
466 493 643 601 posible,
668 521 742 602 que
759 515 838 574 este
857 494 926 574 DE
942 490 1094 574 abunde
1114 493 1299 603 repetido

144 653 178 712 5,
195 636 269 718 por
288 615 326 688 la
342 609 502 690 diction
525 607 745 711 siguieme,
768 636 843 716 que
860 609 1039 716 empieza
1059 608 1123 686 del
1144 610 1306 700 mismo

144 767 177 826 5,
195 723 357 805 modom
373 722 478 832 pudo
492 727 744 830 suceder,que
756 749 880 803 como
890 722 1085 806 Domicio
1095 748 1307 814 noconstn

144 863 177 942 5,
197 861 307 918 entre
330 844 391 916 los
412 835 608 918 Consules
631 837 858 920 ordinarios
875 843 913 918 le
936 839 1163 918 intitulasen
1180 838 1301 928 Con-¹

144 992 177 1055 5,
197 957 281 1050 sul,
304 979 379 1061 por
400 953 520 1031 haber
537 953 626 1032 sido
644 955 797 1036 sufecto
809 1008 825 1050 ,
839 952 1033 1032 entrando
1052 978 1101 1032 en
1120 957 1230 1056 lugat
1248 953 1299 1034 de

144 1107 178 1168 5,
196 1087 290 1144 otro
301 1123 315 1164 ,
332 1093 405 1173 por
423 1069 466 1144 lo
484 1093 558 1172 que
575 1094 630 1147 no
648 1093 766 1146 sueno
785 1093 835 1144 en
851 1072 912 1145 los
930 1068 1061 1146 Fastos
1074 1123 1089 1164 ,
1102 1069 1304 1176 quopriu·⁴

144 1180 177 1282 ,³,
197 1181 435 1288 cipalmente
460 1180 598 1260 cuidan
621 1181 671 1260 de
689 1185 751 1258 los
768 1179 962 1260 Consules
986 1181 1222 1262 ordinarios.
1249 1183 1298 1266 El

141 1339 176 1396 5,
195 1294 402 1374 dedicante
417 1297 573 1375 Aurelio
590 1297 747 1374 Iuliano
765 1321 831 1372 era
845 1293 1004 1374 Cliente
1024 1297 1072 1374 dc
1087 1293 1294 1388 Dornicio;

143 1409 208 1510 „i
232 1409 445 1488 honrando
467 1435 488 1487 a
513 1436 554 1488 su
580 1409 784 1506 Patrono,
812 1413 850 1488 le
878 1407 1004 1510 erigib
1031 1430 1110 1488 esta
1136 1437 1299 1490 memo·

143 1579 176 1624 ‚,
195 1523 263 1603 ria.
286 1523 589 1630 “Quicumque
612 1527 717 1604 hunc
743 1546 949 1603 auctorem
976 1529 1080 1624 legat
1104 1529 1213 1607 nulla
1237 1530 1298 1608 fa·

146 1663 207 1720 cta
243 1641 460 1718 collatione
490 1637 878 1719 commentariorum
895 1695 910 1738 ,
943 1637 1096 1746 putabit
1126 1665 1170 1718 ex
1205 1641 1296 1742 his,

144 1780 244 1860 quae
263 1779 284 1832 a
302 1779 366 1832 me
380 1753 564 1864 proxime
584 1753 778 1862 descripta
795 1773 884 1831 sunt
893 1807 908 1849 ‚
926 1774 1081 1832 tantum
1098 1754 1297 1860 pertinere

145 1867 194 1947 ad
211 1869 486 1955 Finestresium
496 1925 511 1970 ‚
534 1867 644 1976 quod
661 1867 913 1950 adnotaverit
929 1924 945 1966 ,
971 1867 1013 1948 in
1031 1869 1108 1950 fine
1127 1869 1301 1956 vertitu-T

145 1983 175 2060 li
200 1985 298 2064 noni
324 1985 486 2093 reperiri
513 1984 612 2063 illud
634 1983 729 2062 DE:
759 1985 861 2062 nihil
885 1984 996 2063 enim
1014 1983 1106 2066 hnic
1132 1985 1299 2066 clarissi-

143 2123 217 2176 mo
238 2099 329 2181 viro
352 2099 538 2177 tribuitur
557 2099 724 2204 amplius
750 2097 999 2196 aFlorezio,
1021 2099 1088 2204 qui
1112 2122 1195 2178 tam
1220 2106 1300 2182 sol·

144 2211 277 2288 licitus
300 2231 381 2306 est,
410 2232 450 2288 ut
474 2235 588 2302 suum
613 2210 751 2316 cuique
776 2208 983 2304 reddatur:
1014 2233 1053 2290 et
1078 2233 1211 2292 tamen
1228 2217 1301 2297 Le·

146 2345 236 2414 ctor
253 2325 473 2424 intelliget,
489 2327 570 2407 n‘on
589 2329 721 2404 solum
739 2321 781 2403 id
789 2381 804 2422 ‚
820 2325 929 2432 quod
948 2351 1061 2434 supra
1078 2323 1299 2408 indicatum

145 2459 230 2534 est,
265 2437 586 2519 animadvertisse
602 2440 850 2519 Primariuin
879 2441 1127 2537 Emetitum3
1159 2439 1227 2520 sed
1252 2447 1300 2524 ab

143 2550 291 2634 eodem
315 2575 443 2633 cetera
469 2553 610 2636 omnia
638 2555 753 2634 fuisse
775 2575 988 2662 occupata:
1019 2556 1073 2634 ita
1096 2556 1207 2634 enirn
1235 2561 1300 2636 lo-

144 2669 277 2774 quitur
294 2668 335 2748 in
351 2669 656 2749 commentariis
670 2668 720 2748 ad
735 2671 836 2751 hanc
853 2669 1185 2778 inscriptionem,
1201 2697 1300 2777 quae

143 2805 201 2862 est
220 2785 261 2862 iu
281 2785 385 2864 Clas.
401 2797 505 2862 IIII.
521 2814 624 2864 num.
642 2815 677 2880 5.
691 2841 723 2883 ‚,
742 2783 830 2862 Fuit
850 2783 972 2864 etiam
991 2784 1082 2885 (hic
1095 2785 1139 2865 L.
1155 2785 1303 2866 Domi-

144 2950 177 2995 „
194 2898 292 2996 tius)
309 2899 423 2978 COS.
441 2899 616 2999 Dsslsie
632 2901 744 2981 enirn
758 2901 905 2980 linitur.
926 2901 1055 3000 linea,
1072 2923 1111 2980 et
1134 2927 1299 3012 sequens

143 3064 176 3110 „
196 3009 336 3116 incipit
354 3020 547 3091 Devotiss.
567 3016 609 3094 in
630 3019 857 3124 apographo
876 3015 926 3096 ad
948 3042 1012 3096 me
1031 3043 1053 3096 e
1070 3017 1300 3099 Tarracone

144 3181 176 3225 ,,
194 3124 449 3224 transmisso)
463 3151 544 3230 quo
559 3130 844 3230 significaretur
859 3130 1047 3212 eumdem
1062 3131 1178 3209 fuisse
1193 3129 1303 3210 Con-

122 3307 123 3310 a
139 3294 176 3341 ,,
195 3243 320 3322 sulem
348 3237 607 3338 designatum.
635 3245 789 3324 Verum
816 3267 858 3322 ut
886 3265 929 3323 ut
957 3245 1007 3322 sit
1034 3244 1083 3324 de
1110 3245 1301 3344 lectione,

141 3411 176 3458 ,,
192 3367 298 3435 'certe
325 3375 411 3433 actu
434 3352 669 3434 Consulem.
684 3383 766 3437 non
789 3357 904 3436 fuisse
932 3379 1088 3464 apparet
1115 3382 1160 3436 ex
1182 3357 1304 3441 Fastis

142 3504 176 3570 ·„
194 3465 489 3549 Consularibus.
506 3525 516 3547 .
533 3521 589 3548 ...
605 3495 677 3552 nec
696 3469 775 3551 dici
794 3491 923 3577 potest
941 3471 1056 3550 fuisse
1075 3471 1300 3574 suffectum,

141 3613 180 3687 „²
192 3579 225 3664 si
242 3581 464 3683 designatus
478 3605 564 3664 crat
577 3582 753 3664 Consul:
782 3582 916 3667 debuit
929 3586 1046 3666 'enirn
1061 3613 1149 3668 ‚esse
1167 3601 1305 3697 postea

49 3757 52 3762 .
142 3753 175 3798 „
194 3694 429 3777 ordinarius.
452 3699 669 3786 Fatendum
687 3719 823 3782 tamen
846 3701 1024 3784 accidere
1042 3705 1240 3811 potuisse,
1256 3727 1301 3784 ut

141 3821 174 3912 ,,’
193 3809 351 3894 rescissa
379 3811 497 3894 fuerit
525 3813 722 3894 Gallicani
753 3816 987 3914 designatio
1004 3843 1175 3927 propterv
1193 3820 1302 3900 dela«

139 3947 276 4028 „tum
286 3924 552 4012 Consulatum
562 3926 816 4014 ordinarium
830 3933 1304 4040 alieuinotolmperato

1110 4077 1190 4153 »Π
1194 4105 1259 4136 ·····
