3244 4710
316 220 408 316 142
481 185 808 298 siunsnmvs
836 227 1010 310 wasme.
1039 231 1071 296 a
1096 229 1198 298 san
1228 227 1339 298 xxrt.

304 383 427 465 quem
453 354 637 440 certatim
661 375 702 434 et
729 352 881 452 exteri,
910 375 952 434 et
970 379 1044 435 nos
1061 379 1216 465 semper
1243 353 1294 438 ad
1312 359 1468 444 caelum

293 473 519 570 tollimus,
549 470 750 551 Antonius
766 469 1038 572 Augustinus,
1068 469 1170 580 apud
1192 497 1292 580 quos
1319 495 1469 577 magno

299 587 425 666 animi
454 585 599 666 ardore
627 587 801 666 fervebat
832 609 929 693 opus
955 584 1069 665 huius
1102 584 1344 694 sapientiae,
1376 591 1469 672 satis

300 725 382 784 esse
409 723 593 810 poterat,
624 719 668 778 ut
697 700 1011 807 suspicaremur,
1039 703 1104 778 vel
1126 705 1368 782 saltemnon
1394 705 1465 786 ad·

295 818 535 896 miraremur
547 815 764 926 ,lapidem
778 869 796 914 ,
821 841 903 925 quo
930 813 979 896 de
1007 814 1163 918 agitur,
1195 817 1312 898 fuisse
1336 839 1465 920 trans-⁴

298 933 439 1012 latum.
1423 936 1430 966 ⁸

304 1095 310 1106 ·
352 1046 429 1126 Sed
448 1048 526 1124 hoc
544 1043 697 1124 omitto
715 1075 724 1123 ι
744 1043 925 1152 quamvis
938 1043 1047 1124 enim
1061 1043 1186 1126 sciam
1196 1099 1211 1142 ,
1230 1071 1311 1153 quo
1324 1051 1462 1154 pervel-

295 1161 402 1241 netit
416 1162 488 1240 hac
505 1160 544 1240 in
561 1179 669 1268 parte
683 1159 1016 1266 Antiquariorum
1031 1159 1232 1258 studium,
1247 1183 1391 1242 curaer
1405 1162 1462 1242 dia

297 1266 491 1378 figentia,
516 1275 656 1355 adduci
676 1297 810 1354 tamen
837 1301 920 1352 non
947 1300 1105 1380 possum
1125 1296 1166 1377 ut
1185 1276 1375 1373 credam,
1400 1282 1460 1358 *la*

294 1388 460 1500 pidem,
495 1388 543 1468 de
569 1413 651 1496 quo
674 1388 856 1490 agimus,
879 1386 1226 1496 aCappara·fuisse
1245 1389 1295 1468 ad
1312 1390 1458 1473 Tana„

296 1525 444 1584 eonem
461 1505 748 1583 transmissum.
781 1503 886 1580 Illud
912 1527 1061 1606 quaero
1080 1539 1099 1582 ,-
1113 1529 1182 1581 cut
1210 1523 1308 1582 non
1325 1507 1458 1611 potuit

292 1619 696 1697 hocmonumentutn
714 1611 942 1696 Tarracone
960 1617 1152 1696 coliocari
1164 1623 1179 1694 ἓ
1188 1622 1324 1726 ,Quian
1341 1624 1460 1731 erige,

291 1731 424 1839 inquit
439 1733 639 1812 Fiotezius
656 1789 672 1830 ,
703 1731 930 1843 una‘piedra
942 1731 1124 1810 Miliaria
1134 1733 1254 1836 fuera
1266 1732 1329 1812 del
1341 1738 1460 1813 cami·-

291 1876 370 1945 κο,
396 1848 520 1926 donde'
542 1870 652 1924 estan
677 1847 737 1924 las
762 1845 898 1922 Millas
918 1846 1164 1955 reparadast
1185 1869 1225 1926 et
1251 1850 1336 1953 quis
1367 1871 1459 1928 um-

296 1988 436 2067 quam,
450 1985 620 2067 quaeso,
631 1955 733 2038 vidit
746 1957 1178 2066 lapidemMilliarium
1192 2017 1207 2059 ,
1222 1964 1263 2042 in
1279 1987 1358 2069 quo
1372 1987 1458 2046 nou

292 2097 421 2156 essent
440 2093 575 2154 notata
593 2099 775 2182 passuum
793 2074 925 2152 Millia
940 2077 956 2152 ἰ
973 2073 1105 2182 Atque
1131 2076 1196 2155 hic
1220 2104 1296 2178 ego
1322 2077 1458 2157 nescio

295 2189 393 2297 quid
415 2191 657 2288 inmentem
688 2187 839 2266 venerit
870 2189 1091 2288 Florezio,
1125 2191 1192 2297 qui
1220 2191 1355 2271 nescio
1383 2211 1460 2298 qua

292 2305 480 2404 ratione,
508 2331 584 2412 qua
619 2301 847 2383 coniectura
871 2301 1063 2402 ducatur,
1095 2325 1138 2382 ut
1171 2307 1371 2404 affirmet,
1401 2309 1460 2386 la*

291 2419 459 2532 pidem,
491 2419 541 2497 de
571 2443 651 2526 quo
672 2417 949 2506 ,controversia
966 2439 1062 2526 pest,
1080 2417 1331 2518 vMilliarium
1362 2437 1458 2500 esse.

293 2537 387 2618 Hoc
411 2535 521 2642 enim
541 2556 692 2612 nomen
719 2531 760 2610 in
788 2557 871 2638 quo
888 2531 1016 2642 lapide
1036 2532 1222 2644 ponimus
1239 2539 1254 2614 ἓ
1271 2534 1459 2642 profecto
1512 2592 1514 2600 ,

294 2649 409 2744 ineo
423 2705 439 2746 ,
469 2647 537 2756 qui
556 2665 694 2727 notata
719 2648 886 2732 habebat
915 2647 1124 2736 intervalla
1151 2651 1367 2746 locorum,
1392 2669 1462 2748 aut.

196 2783 197 2786 ‘
294 2789 478 2880 passuum
511 2762 674 2859 Miltia,
706 2759 748 2840 in
779 2788 861 2867 quo
891 2759 1061 2842 viatores
1099 2759 1233 2839 videre
1270 2782 1457 2868 poterant

296 2901 488 2988 quantum
505 2875 656 2956 itineris
670 2878 821 2955 emensi
839 2875 1025 2970 fuissent,
1043 2897 1312 2982 quantumque
1328 2875 1455 2957 adhuc

294 3002 342 3074 ab
372 2989 467 3104 ‘ipsis
495 2988 789 3073 conficiendum
806 3009 937 3086 esset,
971 2985 1163 3097 inscripto
1180 2980 1457 3098 passuumr'ru-¹

293 3103 411 3190 mero
423 3165 440 3208 ,
465 3134 547 3216 quo
565 3133 585 3186 a
603 3105 738 3186 Roma
760 3102 1021 3185 autacelebri
1052 3104 1184 3211 aliqua
1212 3109 1306 3186 urbe
1336 3104 1461 3184 dista·¹

294 3225 485 3333 batlapis.
515 3229 654 3324 Quem
684 3243 761 3320 ego
791 3219 929 3298 locum
956 3239 1114 3298 nonest
1138 3219 1461 3322 surdiligentius

293 3339 474 3422 muniam
493 3392 520 3436 ,.
539 3361 663 3444 quum
682 3333 996 3415 consentientem
1017 3335 1057 3414 iu
1076 3337 1147 3417 hac
1166 3360 1207 3414 re
1225 3319 1464 3430 lilotezium²

198 3539 200 3545 ,
292 3443 532 3550 habeamus,
564 3452 631 3560 qui
651 3450 773 3530 citato
787 3448 919 3558 lapide
930 3447 1109 3556 quodam
1127 3449 1324 3528 Milliario
1342 3449 1465 3532 Eme-r

291 3564 429 3666 fitensi
445 3624 460 3666 ,
500 3571 647 3674 (quem
678 3565 853 3645 exhibuit
881 3565 921 3644 in
952 3586 1042 3643 tom.
1068 3566 1210 3642 XIIII.
1241 3572 1358 3644 tract.
1382 3593 1463 3668 44.·.·⁸

291 3690 452 3798 erpa.)
475 3681 609 3762 eidem
632 3681 869 3787 Imperatori
889 3679 1131 3787 Vespasiano
1161 3676 1344 3760 dedicato
1372 3679 1458 3758 aitt-

281 3799 450 3912 ssfrosslot
475 3805 511 3882 T
511 3797 729 3886 reductam
754 3795 798 3880 dt
821 3797 964 3877 Moreri
988 3797 1189 3878 omitieron
1211 3795 1270 3877 las
1299 3795 1463 3908 Mittas,

1282 3962 1284 3966 -
1325 3935 1396 4022 qut

1594 341 1600 388 i
