3240 4688
431 295 611 363 votvm.
637 290 788 360 mm.
817 289 929 360 HISP.
954 291 1089 360 SACR.-
1244 273 1340 376 117

175 471 210 528 „
228 441 277 500 ne
300 405 535 500 donandum
565 418 645 520 sit,
671 416 841 502 dubitati
875 437 1017 527 potest.
1051 407 1097 496 in
1128 413 1205 494 alia
1236 415 1339 524 apud

173 585 210 632 „
229 532 439 614 Gruterum
451 561 541 649 pag.
555 545 716 618 CCCCV
717 547 751 612 1.
765 562 867 614 num.
881 563 922 631 4.
937 559 1008 644 per
1024 543 1130 643 Meg.
1149 529 1340 634 intelligit

172 683 211 748 ·„
226 653 462 760 Magistrum
494 653 569 731 iac.
586 649 797 730 Gutherius
823 645 873 728 de
896 645 1077 756 offidom.
1101 657 1203 757 Aug.
1217 642 1284 725 lib.
1302 673 1338 736 3-

173 813 208 862 ,‚
226 788 307 876 cap.
324 791 389 854 29·
411 796 420 843 ε
439 785 479 850 et
492 791 582 846 sane
608 765 821 871 Magistros
838 761 952 844 fuisse
971 763 1119 844 Larum
1145 761 1341 863 Augustas

173 907 208 976 ·„
224 877 357 976 lium,
387 880 455 988 qui
483 881 648 962 Larario
679 899 915 991 praeerant,
948 875 1067 958 docet
1095 897 1206 956 vetus
1233 901 1343 966 mur«-¹

173 1033 206 1092 5,
225 1017 347 1090 mor,
377 994 489 1100 quod
515 995 673 1078 exhibet
702 994 813 1076 idem
843 992 1054 1074 Gutherius
1081 991 1126 1072 de
1154 1002 1239 1073 Vre.
1256 1003 1342 1076 Iur.

174 1149 208 1206 „
225 1121 336 1188 Pone.
353 1103 419 1186 lib.
439 1136 473 1199 3·
501 1135 582 1223 cap.
609 1135 673 1190 ro.
691 1109 757 1190 ubi
784 1121 830 1189 L.
846 1111 988 1188 Iunius
1012 1121 1178 1187 Maurus
1194 1105 1345 1188 dicitur

176 1265 208 1322 „
226 1235 371 1302 Larum
388 1237 653 1334 Augustorum
681 1227 905 1336 Magister,
939 1223 1118 1330 aliosque
1148 1243 1341 1321 recenset,
1464 1281 1467 1288 ·

175 1387 208 1436 „
226 1339 294 1445 qui
312 1335 476 1417 Laribus
494 1339 774 1442 Augustalibus
791 1337 1087 1436 inserviebant,
1113 1355 1155 1415 ut
1171 1339 1341 1420 Decurio
1394 1374 1395 1386 Ν

175 1479 208 1552 „
226 1465 370 1531 Larum
385 1505 401 1549 ,
427 1480 561 1532 curum
577 1457 738 1533 Lorarii
745 1451 891 1566 gerens.
909 1451 1010 1533 Non
1026 1471 1085 1532 cst
1097 1449 1231 1532 otium
1248 1477 1344 1560 pto·¹

175 1617 210 1665 „
226 1567 320 1645 trita
335 1565 384 1645 de
397 1567 562 1650 Laribus
577 1568 620 1648 in
636 1571 715 1650 hoc
731 1573 828 1651 loco
842 1583 1058 1666 congerere
1074 1564 1167 1648 tsed
1195 1593 1245 1648 an
1270 1591 1341 1647 ve·

176 1734 210 1780 „
230 1707 277 1760 ro
295 1679 472 1760 similior
488 1683 765 1792 interpretatio
791 1707 935 1762 eorum
964 1685 1181 1762 verborum
1207 1679 1342 1766 afferri

175 1846 210 1896 „
227 1815 371 1902 queat,
398 1795 559 1904 quando
591 1821 698 1880 certa
729 1821 814 1878 non
836 1813 999 1906 potest,
1025 1793 1274 1903 disquirere,
1300 1814 1343 1876 et

174 1905 496 2016 „coniecturam
523 1939 656 1994 meam
675 1911 726 1994 de
742 1913 823 1994 hoc
848 1935 1077 2022 proponere
1106 1909 1343 1994 doctiorum

139 2110 141 2114 ,
173 2057 208 2129 3,
225 2024 379 2104 iudicio
395 2059 405 2106 r
422 2054 519 2106 nam
548 2029 666 2108 valde
682 2029 871 2106 abhorret
885 2051 908 2103 a
923 2026 1023 2104 meis
1049 2026 1203 2107 auribus
1227 2030 1345 2122 savia

172 2177 210 2241 ·‚,
227 2141 419 2247 mgister
430 2151 576 2218 Larum
588 2141 831 2252 Augustalis.
844 2139 1121 2218 Notissimum
1134 2162 1215 2240 est,
1231 2144 1345 2232 Inru-¹

173 2275 208 2358 3,
226 2251 333 2330 rium
355 2249 473 2335 fuisse
491 2255 662 2356 locum,
686 2253 733 2334 in
750 2251 941 2332 interiore
959 2271 1069 2361 parte
1086 2253 1232 2338 domus
1256 2258 1342 2338 Au-

174 2395 208 2470 ·‚,
224 2387 359 2470 gustat
370 2421 387 2464 ,
413 2369 456 2447 in
470 2395 551 2476 quo
564 2369 682 2450 lares
703 2367 965 2477 Imperatoris
981 2366 1234 2449 habebantur.
1261 2373 1345 2454 Du·

174 2539 207 2585 „
225 2486 315 2590 plex
342 2505 475 2562 aurem
505 2485 623 2566 fuisse
650 2484 859 2566 Laterium
888 2483 1183 2590 Imperatorum
1211 2499 1353 2594 aperte

170 2587 208 2700 „
225 2595 363 2678 docuit
375 2597 626 2706 Lampridius
639 2655 655 2698 ,
682 2599 752 2709 qui
769 2599 813 2680 in
826 2599 939 2676 Alex.
956 2608 1094 2677 Severo
1107 2621 1187 2710 cap.
1204 2625 1270 2689 29.
1284 2601 1344 2686 sic

174 2767 210 2814 „
227 2711 363 2792 scribit
378 2743 390 2790 ι
405 2717 625 2796 matutinis
647 2713 754 2796 horis
772 2717 814 2794 in
831 2715 996 2793 Laterio
1024 2741 1092 2793 sno
1106 2767 1124 2810 ,
1152 2716 1284 2827 inquo
1299 2737 1343 2796 ee

175 2831 351 2927 „Divos
371 2831 597 2945 Peinsinoi,
624 2831 694 2910 sed
715 2829 876 2944 optimos
887 2885 903 2928 ,
928 2829 1093 2929 elector,
1123 2849 1163 2909 et
1188 2835 1344 2914 tame

174 2993 210 3042 ,‚
227 2947 439 3021 sanctiam
451 2999 468 3043 ,
500 2952 543 3025 in
571 2952 680 3058 queis
709 2967 748 3026 et
778 2941 1053 3058 Apollonium,
1083 2965 1125 3028 et
1151 2969 1346 3056 quantum

174 3100 209 3157 ·„
223 3060 389 3170 scriptor
401 3085 559 3138 smmumx
572 3083 785 3174 temporum
798 3059 926 3157 dicit,
956 3054 1155 3139 Christum
1166 3115 1182 3160 ,
1210 3059 1343 3142 Abeu-

172 3223 208 3272 ,‚
225 3166 315 3250 bam
325 3227 343 3270 ,
368 3167 554 3284 orpheum
564 3228 585 3273 ,
607 3196 647 3256 et
662 3173 926 3254 huiuscemodi
949 3185 1051 3263 Deos
1074 3169 1272 3274 habebas,
1298 3193 1344 3254 et

174 3339 208 3385 „
225 3289 415 3368 maiorum
431 3287 574 3404 effigies
585 3343 601 3387 ,
631 3319 708 3370 rem
721 3290 899 3370 divinam
913 3284 1108 3391 faciebat.
1143 3287 1202 3366 E'n
1216 3313 1346 3372 uuum

174 3452 209 3500 „
226 3397 465 3502 Lutatium,
493 3401 603 3512 quod
628 3429 675 3484 ex
696 3403 814 3484 dictis
846 3406 894 3482 ab
922 3399 1071 3496 eodem
1100 3402 1342 3510 Lampridio

175 3550 209 3615 ‚,·
225 3541 305 3628 cap.
322 3543 391 3608 31·
406 3519 630 3618 constabit,
656 3519 772 3602 fuisse
785 3517 911 3600 maius
929 3517 1117 3628 :Virgilii
1130 3522 1341 3631 imaginem

165 3649 167 3655 ’
175 3683 209 3732 „
225 3656 310 3709 cum
327 3635 520 3713 Ciceronis
535 3635 738 3714 simulacro
756 3640 800 3715 in
816 3634 979 3717 secundo
994 3636 1157 3714 Lurario
1180 3630 1340 3736 habui-t,

174 3773 209 3846 „
225 3748 289 3823 uti
309 3739 502 3844 Achillis,
518 3769 568 3826 et
593 3753 817 3860 magnorum
840 3754 1039 3845 virorum5
1070 3747 1342 3830 alexandram
1419 3793 1422 3807 ·

173 3889 316 3973 ¹„suem
341 3873 532 3980 Magnum
560 3867 666 3947 iuter
692 3867 820 3974 Diuus
848 3887 888 3949 et
913 3868 1074 3978 optimus
1097 3874 1141 3947 tir
1166 3872 1341 3978 Lararrb.

238 4025 243 4032 ·
772 4020 774 4026 1
1159 4007 1281 4062 aneto-
