3244 4710
350 391 353 398 ,
423 325 626 398 ,νοινΜ
659 323 802 398 xxtur.
830 309 941 394 tarsu.
967 325 1097 395 sucu.
1263 303 1355 408 163¹

184 455 328 566 pulum
344 449 575 540 iniecerunt.
612 451 687 532 Sed
706 452 816 560 prius
833 477 951 558 quam
968 452 1017 532 ad
1034 447 1262 531 tollendum
1285 455 1360 534 du-

182 571 340 652 biuma
362 571 547 650 Florezio
577 567 794 648 excitatum
816 567 1034 665 accedam,
1066 565 1267 646 audiamus
1295 571 1358 650 Fi·

182 683 427 767 uestresium
447 682 510 762 ‘ad
544 712 648 764 num.
683 709 745 777 17.
782 683 884 760 clas.
910 696 968 760 II.
990 737 1022 779 „
1053 683 1127 762 Sed
1159 681 1253 788 quid
1284 708 1358 783 est,

184 856 217 902 „
236 798 348 906 quod
366 799 633 881 Romulenses
662 797 862 904 Scapharii
881 798 1111 878 Tarracone
1138 819 1246 876 extra
1264 799 1358 879 Bae·

182 915 360 1015 „ticam
388 939 531 993 eorum
555 911 808 1019 provinciam
842 923 1004 1002 μνημόσυνον
1033 911 1138 990 istud
1160 918 1357 1020 posuere}

181 1084 217 1128 ·„
234 1029 303 1107 An
322 1031 413 1134 quia
427 1028 550 1106 etiam
566 1027 840 1114 Tarraconem
858 1027 1014 1133 scaphas
1032 1026 1138 1105 iuxta
1155 1027 1275 1106 litora
1291 1027 1357 1108 de-

183 1147 447 1250 „portabant
471 1146 484 1222 3
508 1143 574 1222 An
621 1141 713 1246 quia
749 1165 890 1218 eorum
931 1167 1016 1246 pars
1046 1141 1357 1222 Tarraconensis

182 1257 447 1364 „Hispaniae
478 1280 566 1333 oras
594 1275 633 1332 et
660 1275 796 1362 portus
828 1255 1088 1351 incolebant,
1119 1275 1161 1332 ut
1192 1282 1356 1338 suorum

181 1423 214 1470 „
234 1371 451 1450 maioribus
469 1370 630 1448 navibus
650 1368 948 1448 advenientibus
979 1391 1137 1476 praesto
1161 1393 1288 1450 essent
1308 1369 1356 1452 ad

183 1541 216 1584 „
236 1511 357 1564 onera
386 1482 615 1592 accipienda
630 1505 668 1562 et
693 1481 976 1564 transvehenda
992 1488 1005 1561 ἕ
1024 1485 1075 1561 At
1091 1481 1356 1568 fortasse'non

182 1653 216 1700 „
238 1601 417 1705 loquitur
432 1600 481 1678 de
503 1599 722 1704 Scaphariis
739 1597 1079 1708 Romulensibus,
1108 1597 1174 1676 sed
1192 1599 1240 1678 de
1256 1599 1356 1680 Tar-

183 1766 216 1810 „
236 1713 596 1818 rotonensibus,qui
616 1714 817 1792 Romulae
834 1712 1137 1822 negotiabantur
1153 1713 1238 1792 illic
1250 1741 1355 1792 mer·

183 1881 216 1925 „
236 1851 297 1906 ces
315 1829 747 1932 transvehentes,quum
768 1826 977 1932 inscriptio
992 1824 1219 1907 Tarracone
1235 1829 1354 1906 fuerit

182 1993 215 2039 „
233 1943 372 2048 posita.
390 1951 422 1992 ‘⁶
436 1941 521 2043 Ego
536 1943 609 2020 nisi
625 1964 722 2022 setas
738 1941 780 2020 in
798 1967 878 2020 ovo
893 1967 1104 2046 quaerere,
1118 1963 1158 2020 et
1173 1941 1352 2022 cavillari

131 2099 135 2106 ·
184 2056 355 2136 velimus
372 2111 388 2151 ,
419 2083 502 2135 non
522 2058 708 2156 intelligo
727 2111 742 2152 ,
770 2083 836 2138 cur
853 2081 936 2133 non
955 2057 1127 2162 potuerit
1147 2057 1248 2136 istud
1266 2085 1354 2137 mo·

179 2191 421 2248 numentum
449 2171 549 2268 erigi
570 2195 591 2248 a
609 2169 971 2248 Tarraconensibus
1003 2172 1221 2276 Scaphatiis
1235 2227 1251 2268 ,
1285 2173 1353 2278 qui

183 2285 309 2366 lunae
340 2284 540 2364 Romulae
573 2282 886 2384 negotiarentur.
929 2281 1006 2362 Sed
1039 2273 1177 2362 demus
1212 2286 1353 2364 Histo-

182 2399 271 2493 tico
285 2452 300 2495 ,
335 2419 377 2476 ut
405 2394 578 2493 vide-at,
615 2424 735 2502 quam
760 2397 978 2476 liberaliter
997 2423 1155 2498 agamus
1180 2454 1195 2496 ,
1230 2399 1350 2478 intel‘·

183 2513 259 2615 ligi
291 2512 439 2590 debere·
475 2513 747 2618 Scapharios,
781 2537 865 2589 non
901 2509 1249 2610 Tarraconenses,
1284 2516 1352 2620 qui

181 2627 386 2709 Romulae
413 2626 745 2728 negotiarentur,
781 2625 849 2702 sed
866 2624 1145 2706 Romulenses.
1181 2628 1250 2706 lsti
1264 2686 1279 2724 ,
1310 2650 1352 2707 ut

182 2744 241 2822 ait
265 2741 497 2840 florezius,
533 2771 583 2824 ue
599 2745 734 2821 tenian
753 2743 900 2820 motivo
917 2765 1016 2852 para
1032 2745 1149 2850 crigir
1176 2771 1222 2833 en
1235 2753 1351 2826 ,Tar-

184 2883 332 2964 ragona
350 2863 559 2953 memorias,
579 2883 652 2970 pur
668 2860 776 2936 tener
802 2856 959 2972 capital
972 2855 1152 2970 separada
1169 2857 1317 2936 dondel
1334 2905 1354 2923 -

182 2965 390 3050 vantaban
409 3001 474 3050 sus
495 2994 788 3068 monumentor,
819 2997 917 3077 quae
943 2974 1045 3050 ratio
1074 2997 1141 3078 pet
1169 2998 1207 3052 se
1235 2975 1351 3070 levis,

186 3106 227 3164 et
248 3083 451 3162 imbecilla
471 3109 562 3163 cum
581 3111 744 3174 movere
764 3086 968 3164 neminem
989 3085 1209 3184 debuisset,
1233 3092 1246 3186 (
1264 3089 1351 3192 quis

180 3199 299 3286 ,enim
325 3197 398 3276 scit
429 3199 560 3276 varios
590 3225 724 3296 casus,
756 3219 795 3276 et
814 3204 939 3278 multa
964 3226 1094 3290 rerum
1121 3199 1352 3282 discrimina

115 3337 116 3341 ‘
181 3341 255 3423 per
273 3339 371 3417 quae
389 3311 431 3392 id
449 3313 533 3391 lieri
550 3307 683 3420 *potuit
697 3319 711 3392 ἓ
726 3322 740 3418 l
759 3338 841 3392 tum
865 3339 936 3394 nec
958 3316 1176 3393 minimum
1196 3341 1352 3422 scrupu-

182 3433 272 3508 lum
297 3428 459 3507 iniicere
485 3428 671 3507 Florezio
684 3427 900 3522 debuissetr
934 3429 1043 3534 quod
1063 3451 1104 3506 ut
1123 3431 1350 3530 ostendant,
1468 3443 1473 3454 “

179 3570 268 3622 aton
294 3567 453 3650 possum
483 3569 565 3621 non
593 3543 841 3640 describere,
872 3543 982 3650 quod
1013 3546 1092 3652 ipse
1125 3545 1353 3641 Historicus,

179 3659 241 3736 ait
263 3683 343 3768 cup.
358 3671 511 3738 XXIII.
533 3687 637 3736 num.
654 3687 690 3736 z.
722 3660 865 3758 Agitur
892 3660 946 3737 ibi
976 3659 1023 3737 de
1049 3680 1351 3740 monumentoa

115 3767 119 3774 ’
180 3772 533 3875 Segobrigensibus
564 3770 793 3876 Tarracone
823 3795 957 3852 erecto
975 3775 1017 3852 L.
1037 3774 1175 3853 Annio
1191 3775 1352 3874 ¹‚Canta-

183 3890 275 3989 bro.
292 3939 324 3984 „
343 3886 402 3970 En
415 3946 421 3964 .·
431 3888 644 3992 Segobriga
655 3945 674 3988 .,
702 3887 865 3992 inquit,
896 3887 1070 3997 egercid
1089 3891 1161 3991 (L.
1182 3891 1351 3972 Annius

337 4047 342 4078 ,ι
374 4017 386 4029 “
770 4002 852 4084 Xz
1185 4003 1295 4087 Can·
