3244 4672
979 143 1039 212 ,f
1218 179 1220 184 -
1280 183 1286 192 .

311 325 313 330 ,
332 233 397 331 3‘4
462 252 789 320 muusrnnsrvs
808 245 986 320 vuturc.
1000 245 1060 318 mr
1079 252 1257 320 Mvurts
1281 253 1415 322 noers

326 369 472 472 tiores,
490 372 555 453 ubi
574 371 682 456 nulla
698 403 778 456 csse
796 377 957 477 debuit,
977 377 1060 457 nisi·
1070 377 1253 484 aequalis.
1276 377 1487 462 Praeterea

325 515 419 570 non·
437 485 651 592 intelligoJ
680 519 749 572 cur
776 489 819 572 id
845 515 929 572 tam
960 495 1096 572 multis
1125 496 1166 571 in
1193 491 1301 574 locis
1328 494 1485 593 feccrit,
1605 486 1606 510 ¹

325 603 511 710 idemque
533 603 574 682 in
597 595 787 686 sexcentis
814 607 901 686 aliis
922 607 1256 716 praetermiserit:
1276 607 1324 686 'ut
1344 606 1486 690 videre

324 719 473 826 poteris
482 773 498 820 ,
516 719 547 796 si
571 743 661 798 cum
681 720 852 800 Gruttro
871 723 1050 801 conferas
1068 721 1368 830 inscriptiones,
1387 715 1502 826 quas

325 832 436 910 affert
460 833 682 912 Historicus
709 861 791 949 cup.
808 847 891 912 III.
912 863 1014 914 num.
1035 865 1072 924 9.
1091 858 1130 912 et
1149 863 1214 914 21.
1237 861 1319 950 cap.
1338 848 1483 916 XIIII,
1605 919 1607 940 Ι

325 962 1489 1061 num.4.cap.IIVII.rrrrm.10.et43.cup.IIX.nrrm.7.23.

328 1069 396 1140 26.
413 1064 475 1141 28.
493 1087 575 1173 cap.
585 1075 713 1140 XIIII.
730 1093 833 1145 num.
849 1091 888 1153 9.
903 1074 955 1144 26
976 1091 1040 1152 29·
1057 1090 1140 1176 cap.
1155 1077 1309 1141 XXIII.
1323 1092 1428 1142 num.
1443 1093 1482 1144 z.

324 1203 366 1270 4.
390 1202 471 1287 cap.
490 1192 666 1256 XXIIII.
688 1208 791 1259 num.
811 1209 849 1275 7.
875 1209 940 1268 29.
963 1205 1045 1292 cap.
1062 1193 1179 1257 XXV.
1204 1207 1308 1258 rrum.
1333 1203 1394 1266 13.
1414 1181 1483 1258 68.

324 1287 556 1397 Saepissime
592 1287 714 1372 etiam
750 1289 948 1374 Florezius
982 1297 1021 1374 in
1054 1294 1246 1401 aliquibus
1277 1293 1482 1372 verbis‘et

322 1406 498 1485 numeris
536 1408 882 1515 superimpositam
916 1413 995 1511 (a)
1030 1409 1225 1486 lineolam
1260 1401 1481 1513 expressit,
1603 1485 1609 1494 ,

324 1516 392 1594 sed
430 1519 471 1596 id
507 1521 636 1626 ipsum
672 1521 711 1599 in
749 1521 914 1601 infinitis
950 1522 1051 1601 locis
1086 1522 1252 1600 omisit.
1288 1521 1388 1600 Non
1421 1543 1488 1600 est

325 1631 457 1708 otium
487 1635 638 1734 singula
669 1636 880 1742 persequi,
916 1659 956 1713 et
986 1661 1083 1742 quae
1113 1638 1309 1742 hueusque
1341 1639 1487 1736 retuli-h

324 1769 441 1842 mus,
465 1749 556 1828 satis
577 1773 764 1857 superque
783 1749 939 1857 suntad
958 1749 1001 1830 id
1009 1804 1028 1850 -,
1054 1749 1164 1858 quod
1180 1755 1367 1832 volumus
1377 1804 1393 1850 ,
1411 1747 1482 1843 dc«,

323 1855 646 1943 monstrandum.

1343 1990 1422 2056 FI-

589 2141 591 2148 .
642 2082 644 2086 .

359 2178 404 2254 (a)
444 2182 542 2264 Qum
561 2201 649 2244 errata
663 2185 782 2246 Florezii
799 2208 924 2268 propono
942 2183 1118 2248 emendanda
1136 2205 1169 2246 ex
1184 2189 1375 2254 Gruteroset
1395 2182 1478 2242 dein-

319 2273 384 2334 ceps
399 2258 428 2316 in
449 2280 510 2322 toto
530 2263 582 2323 hoc
601 2266 734 2344 opusculo
748 2270 900 2328 Gruterum
920 2265 996 2335 cito;
1013 2265 1157 2346 antiquam
1175 2263 1256 2324 huius
1273 2263 1391 2344 auctoris
1414 2263 1478 2322 edi-

322 2334 429 2397 tionem
445 2341 594 2437 intelligo,
611 2359 681 2424 quae
696 2366 730 2404 ex
744 2345 858 2406 officina
873 2346 1102 2406 Commelinianu
1120 2345 1248 2424 auspiciis
1263 2341 1375 2422 losephi
1390 2343 1479 2402 Scali-

321 2417 401 2496 geri‚
417 2437 446 2479 et
457 2426 544 2484 Marci
556 2424 661 2484 Velseri
676 2425 797 2504 prodiit:
814 2426 885 2486 mihi
901 2426 977 2485 euim
993 2447 1049 2484 non
1065 2425 1144 2486 licuit
1158 2425 1251 2485 videre
1266 2443 1388 2493 novam,
1403 2442 1476 2502 quae

321 2513 434 2560 curante
448 2505 574 2587 Georgio
593 2506 715 2578 Graevio
732 2505 940 2567 Amstelodami
958 2507 1033 2566 facta
1048 2522 1090 2564 est
1107 2525 1180 2564 anno
1199 2525 1284 2577 1707.
1310 2503 1365 2562 Sed
1384 2503 1480 2562 nullus'

321 2571 438 2652 dubito,
458 2585 525 2665 quin
543 2584 595 2642 hae
614 2583 685 2644 duae
708 2586 846 2647 editiones
865 2587 894 2646 in
913 2584 965 2646 hac
985 2601 1061 2682 parte
1085 2583 1270 2646 conveniant:
1295 2582 1377 2640 aliter
1398 2583 1479 2644 enim·

319 2655 459 2724 Florezius
467 2707 478 2736 ,
492 2670 596 2744 (quem
611 2665 746 2726 citantem
763 2671 915 2729 Gruterum
932 2686 968 2726 ex
985 2685 1046 2744 rpso
1064 2681 1177 2722 auctore
1193 2680 1318 2738 propono
1335 2661 1480 2742 corrigar,

318 2729 386 2797 dum
406 2742 435 2800 iu
453 2745 497 2804 his
513 2746 602 2818 locis,
623 2748 670 2824 qui
686 2768 703 2806 a
718 2767 764 2806 me
785 2765 929 2826 tamquam
948 2743 1090 2822 depravati
1108 2739 1275 2800 exhibentur
1286 2743 1302 2829 )⁴
1319 2757 1376 2794 non
1399 2758 1475 2802 recte

318 2817 416 2878 citaret
438 2827 518 2896 solo,
535 2826 752 2904 simpliciterque
771 2828 863 2906 posito
881 2823 993 2884 Gruteri
1017 2819 1152 2876 nomine:
1172 2831 1361 2895 praesertum,
1386 2828 1482 2896 quum'

318 2892 379 2974 ipse
392 2901 532 2963 Plorezius
541 2947 550 2974 ,
565 2906 589 2962 si
604 2925 659 2984 qua
676 2907 747 2964 soler
764 2925 823 2962 esse
840 2905 912 2961 inter
927 2919 1012 2958 unam
1029 2916 1060 2959 et
1077 2898 1194 2956 alteram
1208 2893 1363 2956 editionem
1378 2897 1480 2959 varia-r
1515 2968 1518 2976 ,

318 2976 384 3047 ⁸203
407 2979 436 3036 id
460 3005 516 3041 non
540 2983 669 3054 desinat,
694 3001 725 3042 ut
748 3002 869 3060 aequum
893 2996 936 3040 cst
948 3021 958 3050 ,
973 2979 1155 3048 ⁴admonere,
1178 2991 1210 3034 ut
1228 2977 1323 3050 vidcpc
1346 2977 1413 3036 licet
1436 2998 1472 3040 ex

319 3061 391 3134 Cap.
401 3065 493 3122 XVII.
511 3084 588 3122 num.
602 3062 715 3139 30..ubi
734 3062 793 3120 ait:
813 3061 914 3120 Pusula
929 3062 1044 3119 Grutero
1062 3059 1120 3117 mal
1138 3057 1253 3132 copiada
1256 3099 1342 3119 .....
1358 3074 1421 3134 pero
1438 3060 1478 3117 al*

318 3157 431 3216 margen
440 3144 474 3201 de
484 3143 513 3200 la
527 3143 647 3220 segunda
661 3144 690 3199 Ia
704 3143 814 3220 corrigiis
822 3139 921 3200 Grevio
936 3159 968 3196 en
983 3155 1041 3198 esta
1049 3136 1154 3218 firrma.
1168 3136 1238 3195 Eod.
1248 3155 1308 3213 cap.
1320 3153 1413 3214 namq
1422 3159 1466 3211 5.r

318 3223 362 3281 La
376 3221 479 3282 edition
492 3225 526 3282 de
537 3228 652 3281 Grutero
665 3243 713 3280 con
721 3223 821 3280 Grevio
836 3220 919 3282 omirc
932 3221 957 3278 ei
968 3220 1098 3280 Reburrr.
1108 3221 1308 3294 Cap.XVIIII.
1319 3239 1466 3304 numum

316 3304 373 3360 Dos
387 3305 526 3362 Maestros
540 3317 651 3361 constan
669 3323 702 3361 en
719 3323 775 3378 una
793 3301 951 3378 inscription
965 3302 999 3360 de
1014 3304 1128 3357 Grutero
1139 3337 1227 3358 .....
1246 3317 1278 3355 err
1295 3316 1346 3374 que
1361 3298 1391 3352 la
1408 3296 1468 3352 edr-

314 3383 373 3439 citn
387 3382 421 3440 de
435 3384 535 3442 Grevio
546 3401 613 3460 pone
626 3383 742 3460 algunas
756 3383 910 3440 variantes.
922 3383 991 3457 Cap.
1002 3377 1129 3438 XXIIII.
1141 3393 1272 3436 numm.
1292 3397 1299 3429 ε
1315 3377 1357 3433 La
1372 3392 1475 3431 nucum

313 3463 417 3523 ediciou
430 3465 464 3523 de
478 3465 582 3524 Crevio·
593 3464 713 3540 corrigil.
732 3461 870 3539 idipsum
886 3459 980 3520 uidere
999 3461 1065 3520 licet
1081 3477 1116 3518 ex
1131 3453 1234 3514 eodem
1251 3460 1322 3531 Cap.
1334 3455 1477 3548 ΙιῑΧΙΙζΙ.ἱ

313 3561 391 3602 num.
408 3566 458 3618 27.
480 3559 507 3610 ct
528 3567 580 3622 42.
602 3543 719 3624 aliisqre
744 3541 812 3604 locis
839 3539 965 3603 eiusdem
990 3533 1140 3600 voluminis
1159 3537 1296 3598 xxllll.
1314 3538 1468 3616 ihspamau

319 3620 428 3688 Sarrae.
