3244 4710
284 217 304 302 ἶ
397 273 576 344 votvm.
611 273 761 343 saun
792 275 912 344 rusa.
932 277 1068 344 suen.
1217 265 1311 354 139

141 409 243 482 mu's
242 454 259 499 ‚
277 419 324 482 ut
337 401 525 486 omnibus
546 398 590 481 id
615 398 729 510 quod
742 400 942 502 dicimus,
970 401 1183 484 manifesto
1200 424 1314 513 appa·

140 535 246 594 rear.
320 553 322 558 ·

140 667 146 677 ·
201 683 237 728 ‚,
256 628 381 728 Ita,
371 629 501 740 inquit
531 629 784 710 finestresIus
802 631 905 712 Clas.
920 645 1104 712 11.ιιιιιιι.
1122 658 1187 728 3.,
1219 651 1314 740 pro-

142 744 307 844 „duxit
335 747 437 828 hane
465 747 769 854 inscriptionem
786 771 832 826 ex
852 745 1119 826 Carbonellio
1146 744 1311 826 Puiade·

143 911 176 956 „
195 859 272 938 sius
286 914 301 957 ,
329 859 663 965 quentmendum
688 861 731 940 in
749 885 848 942 voce
876 863 988 943 TIT.
1017 859 1059 942 in
1085 887 1178 940 eum
1199 885 1308 942 erro·

137 1002 174 1070 3,
195 997 282 1053 rent
305 975 423 1056 traxit
435 1031 451 1072 ,
477 997 520 1054 ut
539 975 757 1083 putaverit,
784 975 958 1084 positam
980 977 1094 1056 fuisse
1114 975 1214 1054 Tito
1233 973 1317 1056 Ve-

141 1137 175 1183 „
193 1087 358 1196 spasiani
382 1089 471 1169 filio
489 1121 498 1169 ι
518 1095 585 1168 sed
606 1087 809 1168 advertere
831 1089 1047 1220 debuerat,
1073 1087 1240 1190 Augusti
1263 1091 1311 1171 fi·

142 1225 175 1297 ·„
195 1203 298 1282 lium
314 1202 363 1282 de
379 1230 432 1282 eo
455 1226 611 1284 tanturn
632 1203 721 1282 'dici
744 1205 1018 1330 consuevisse,
1046 1229 1114 1310 qur
1104 1204 1236 1282 filius
1251 1229 1312 1282 es-

141 1351 175 1412 ·2,
195 1335 252 1396 set
270 1318 514 1415 Οιιιιίιιιὶ;
541 1318 613 1398 iric
630 1316 747 1396 enirn
771 1321 944 1428 Augusti
968 1317 1134 1398 nomine
1162 1317 1316 1452 simpli
1322 1357 1327 1366 ·

141 1479 175 1525 ‚‚
194 1431 292 1511 citer
305 1431 441 1539 posito
461 1457 622 1540 semper
647 1387 884 1532 intelligitur
904 1485 1016 1512 .....
1038 1431 1099 1510 De
1117 1434 1195 1510 hoc
1215 1439 1313 1533 e'rgo

144 1544 325 1644 (scilicet
360 1547 409 1626 de
441 1545 640 1648 Tiberio)
661 1545 834 1666 intelligi
869 1569 1054 1655 oportere
1083 1546 1311 1654 inscriptio-

140 1691 174 1755 3,
196 1684 291 1738 netn
320 1661 587 1741 certissimum
605 1682 664 1740 est
681 1691 690 1740 ι
683 1659 897 1766 ideoque
915 1686 1000 1740 non
1030 1657 1144 1740 TlT.
1175 1664 1314 1760 legen·
1349 1664 1353 1672 '

141 1799 176 1867 3,
195 1773 291 1851 durn
308 1829 324 1871 ,
357 1775 425 1854 sed
443 1777 514 1857 Tl.
533 1801 609 1882 qua
625 1795 722 1854 nora
750 1779 950 1854 sollemne
977 1793 1035 1852 est
1047 1828 1063 1872 ,
1094 1771 1310 1874 significari

139 1917 176 1983 3,
194 1884 405 1968 Tiberium
421 1888 636 1970 Caesarem
664 1889 705 1970 in
732 1887 938 1986 nummis,
966 1911 1005 1968 et
1027 1887 1310 1968 marmoribus.

140 2044 175 2097 3,
187 2002 286 2082 Hoc
304 2006 439 2083 firmat
453 2003 563 2110 quod
588 2007 689 2084 hanc
706 2004 829 2114 ipsam
857 2005 984 2084 nostri
1001 2002 1141 2111 lapidis
1168 2002 1309 2082 inscri-

139 2143 174 2211 ⁴„
191 2117 376 2222 ptione'm
412 2121 635 2224 praeferunt
666 2117 827 2194 nummi
857 2116 1054 2196 Cascanro
1086 2117 1183 2196 tussi
1216 2141 1310 2202 cum

140 2257 175 2328 3,-
197 2229 406 2306 notissima
432 2229 560 2329 'effigie
586 2225 740 2310 Tiberii
765 2255 783 2326 ,·
807 2247 950 2337 nempe
970 2229 1011 2308 in
1029 2229 1157 2310 antica
1184 2252 1310 2337 parre,

139 2387 173 2440 ,·,
190 2339 264 2421 Ti.
293 2341 518 2427 CAESAR.
545 2341 679 2423 DlVI.
701 2343 828 2424 AVG.
854 2343 894 2422 F.
925 2341 1210 2424 AVGVSTVS
1225 2398 1240 2439 ,
1267 2365 1308 2424 et

139 2507 172 2554 „
190 2457 230 2536 in
249 2458 424 2564 postica,
440 2457 694 2538 MVNlClP.
706 2454 1057 2538 CASCANTVM
1074 2495 1133 2535 ..·.
1149 2509 1161 2535 .
1179 2478 1221 2534 ur
1237 2456 1308 2536 du·

140 2621 175 2669 „
192 2575 316 2651 bitate
332 2574 418 2678 quis
436 2571 589 2679 possit,
615 2597 714 2652 num
742 2569 1023 2652 Carbonellius
1039 2593 1056 2668 ‘,
1091 2571 1158 2676 qui
1180 2569 1231 2648 de
1248 2574 1307 2655 ia-

139 2717 174 2784 „
189 2685 281 2795 pide
298 2687 420 2767 fidem
435 2686 558 2783 facit,
585 2689 690 2766 forte
709 2711 792 2764 non
811 2686 903 2764 satis
928 2685 1138 2764 instructus
1161 2684 1307 2766 tribuat

137 2839 173 2898 3,
192 2803 419 2898 marmori,
445 2798 557 2908 quod
585 2825 758 2882 nummo
779 2798 1036 2882 tribuendum
1065 2802 1220 2896 fuerat,
1249 2799 1308 2881 uti

141 2965 176 3014 „
191 2913 314 2990 etiam
331 2916 425 2993 alibi
448 2917 671 2996 factitatum
686 2913 868 2994 videmus
882 2915 983 2994 infra
998 2942 1101 2995 ιιιιιιι.
1123 2939 1209 3008 tn,
1239 2912 1304 2994 id-

142 3081 178 3131 „
196 3052 272 3133 que
286 3053 384 3105 veto
398 3028 567 3108 similius
584 3032 678 3110 facit
697 3083 714 3126 ,
742 3029 853 3135 quod
870 3055 954 3108 non
982 3029 1103 3108 tertio
1123 3055 1210 3110 casu
1232 3055 1307 3134 po·

142 3189 176 3244 „
195 3164 308 3220 natur
330 3145 489 3220 Caesari
502 3156 705 3252 Augusto,
724 3140 793 3221 sed
807 3165 917 3222 recto
934 3157 1077 3223 Caesar
1090 3156 1306 3252 Augustus,

20 3280 22 3288 ·
143 3309 176 3358 „
194 3260 382 3373 Municip.
400 3269 633 3336 Cascantum
650 3278 791 3334 contra
812 3283 972 3336 motem
991 3238 1169 3363 lapidum
1196 3253 1306 3334 litte

143 3423 177 3474 „
197 3395 409 3468 rarorum,
439 3391 479 3448 et
509 3369 724 3448 secundum
750 3381 863 3448 usurn
890 3391 1102 3450 servarum
1119 3369 1160 3450 iu
1187 3391 1304 3453 nuut-

143 3519 177 3587 3,
196 3488 285 3565 mis.
301 3494 334 3538 ‘⁶
350 3426 464 3586 Qitid
477 3540 493 3583 ‚
507 3507 682 3592 quaeso,
695 3481 894 3564 Florezius
911 3483 1071 3564 attulit
1061 3503 1102 3564 ιιι
1116 3513 1220 3564 rrum
1229 3494 1275 3570 6
1265 3527 1306 3582 3

145 3615 267 3708 quarn
285 3601 483 3680 rationem
498 3657 513 3697 ,
536 3623 658 3706 quam
673 3621 875 3698 caussam,
897 3626 994 3708 quae
1009 3599 1155 3682 nonsit
1171 3600 1210 3679 in
1225 3601 1304 3678 hoc

143 3718 244 3795 ioco
262 3739 282 3792 a
297 3712 546 3795 Cervariensi
578 3710 826 3794 Academico
843 3737 1059 3822 occupata.
1048 3719 1063 3774 ²
1080 3713 1190 3794 Cur
1181 3715 1304 3813 igitur

146 3833 261 3918 tauto
279 3852 463 3996 apparatu
489 3831 629 3916 hunc
619 3858 660 3912 ιιι
689 3828 882 3912 iudicium
900 3849 1048 3931 vocat,
1077 3829 1184 3938 quasi
1207 3845 1305 3906 esset

698 3945 764 4032 δῖ
945 3979 949 3986 ’
1142 3945 1251 4024 sum
1265 3988 1274 4020 ι
