3240 4688
325 182 391 278 72,
496 191 825 262 rrusssurtsnrs
840 193 1017 262 trunto.
1033 193 1066 258 A
1082 191 1180 260 can
1196 191 1310 262 xtur.

320 316 487 416 nutius,
509 319 724 418 Cornelius
741 321 830 400 Van
850 318 1176 415 Binltersoekius,
1200 315 1267 424 qui
1290 339 1374 398 non
1392 340 1485 400 mo·
1610 417 1611 420 p

321 432 379 514 do
413 437 663 516 commutare
677 489 701 533 ‚.
728 456 768 514 et
799 455 1053 542 transponere
1085 457 1207 514 unam
1237 432 1416 514 litteram
1441 454 1485 524 et
1610 511 1611 520 t

306 553 515 645 ,ste-rbum3
542 548 609 627 sed
626 547 761 628 delere
778 572 818 630 et
835 575 1053 658 expungere
1071 569 1204 627 toturn
1220 573 1381 654 versum
1399 575 1487 642 nott
1517 604 1525 611 -
1610 557 1611 642 l

307 684 531 753 merentur:
560 683 603 742 ut
630 691 715 744 non
744 665 828 744 sine
852 663 1065 764 iustissima
1095 666 1225 744 caussa
1250 660 1399 742 dixisse.
1420 665 1486 758 vi&
1610 659 1611 700 ³

316 775 454 857 deatur
471 780 527 877 Q.
549 778 733 858 Sectanns
757 801 884 883 satyra
905 805 966 866 19·
985 781 1147 890 Plusque
1162 781 1270 890 sapit
1280 831 1296 874 ,
1313 781 1486 892 quiplaes

301 893 440 1004 {audet
468 917 699 1006 corrumpere
724 895 835 1004 leges.
862 892 936 973 Sed
967 919 1048 974 non
1078 893 1233 972 idcirco
1263 891 1485 991 laudandos

312 1001 453 1116 putem
474 1033 570 1102 eos,
590 1008 729 1113 quibus
748 1008 892 1111 religio
909 1029 995 1106 est,
1019 1006 1176 1087 etiamsi
1196 1007 1300 1084 ratio
1316 1006 1483 1120 evidens

307 1120 650 1238 ¹'emendationem
672 1121 715 1201 in
738 1121 831 1233 ipsis
853 1125 1031 1226 legibus,
1056 1145 1122 1201 aut
1144 1122 1187 1201 in
1209 1119 1346 1227 aliquo
1366 1144 1483 1202 vetu-

306 1235 429 1336 statis
452 1259 721 1317 monumento
738 1238 948 1342 efflagitet3
971 1237 1215 1319 venerandae
1234 1235 1482 1342 Antiquitati

314 1351 714 1460 *manus'adtnovere
739 1355 965 1460 Vtrumque
992 1352 1137 1433 vitium
1166 1377 1187 1431 a
1212 1349 1331 1436 nobis
1353 1371 1414 1429 est
1438 1350 1483 1444 in·

311 1467 395 1554 nac
411 1487 520 1574 parte
537 1463 847 1567 declinandum,
874 1494 923 1545 ne
942 1489 1006 1545 aut
1022 1465 1144 1546 nimis
1161 1467 1285 1554 libere
1295 1515 1310 1561 ,
1337 1487 1401 1544 aut
1418 1467 1483 1557 ni-¹

320 1579 400 1666 suis
423 1580 620 1662 serviliter
639 1605 811 1678 agamus.
834 1580 919 1682 Ego
939 1582 981 1658 in
998 1583 1072 1660 hae
1086 1605 1130 1659 -re
1139 1635 1155 1678 ‚
1169 1581 1269 1680 sicut
1285 1581 1326 1657 in
1340 1580 1483 1671 omnia

317 1695 391 1782 bus
410 1693 497 1794 aliis
507 1747 522 1792 ,
542 1692 866 1788 mediocritatem
885 1693 1277 1774 aureamtenendam
1293 1717 1415 1801 puto:
1439 1711 1481 1776 et

316 1827 414 1907 tuuc
442 1807 700 1918 potissimum
731 1808 779 1907 ad
809 1808 1136 1893 emendationem
1164 1810 1379 1918 confugere
1405 1833 1482 1891 nos

311 1943 507 2033 oportere
520 1923 665 2021 sentio,
678 1922 838 2030 quando
853 1923 907 2007 ita
921 1925 1123 2034 desperata
1137 1951 1195 2005 res
1207 1945 1281 2022 est,
1295 1944 1337 2001 ut
1352 1945 1481 2025 retem

316 2058 359 2122 ta
376 2039 536 2146 antiqua
552 2039 727 2122 lectione
744 2043 852 2121 nulla
866 2041 917 2122 sit
931 2040 1036 2120 ratio
1050 2035 1312 2150 expediendae
1328 2037 1479 2122 salutis

318 2151 457 2259 Atque
477 2175 520 2232 ut
541 2153 589 2234 ad
610 2153 803 2234 urendum
827 2155 866 2235 'et
888 2154 1101 2236 secandum
1125 2151 1302 2251 medici,
1322 2151 1379 2235 sie
1401 2170 1491 2248 noas.

309 2251 404 2370 {non
430 2271 507 2350 nisi
536 2295 656 2367 raro,
683 2271 875 2379 invitique
902 2271 954 2351 ad
981 2273 1062 2350 hoe
1086 2293 1208 2372 genus
1233 2263 1478 2364 emendandi

271 2485 273 2488 Ι
306 2383 547 2494 ἱνείιῐειιιιιιεε
567 2389 800 2468 hoctamen
819 2387 999 2466 animose
1015 2407 1055 2463 et
1066 2385 1226 2464 fortiter
1243 2402 1400 2461 utemur
1406 2435 1424 2483 ‚
1442 2378 1477 2462 si

308 2501 425 2589 nulla·
444 2499 636 2608 reperitur
659 2503 736 2580 alia
756 2501 978 2581 medicina:
1007 2499 1240 2608 praesertim
1264 2519 1390 2604 quum
1415 2513 1479 2576 ret

316 2612 400 2717 ipsa
423 2632 463 2706 et
487 2613 681 2694 orationis
704 2618 821 2696 series
847 2621 970 2694 talem
995 2610 1323 2696 emendationem
1344 2623 1479 2716 postue

310 2719 385 2812 let.
412 2728 520 2811 Haec
544 2728 644 2808 mihi
668 2729 790 2810 estin
817 2723 1058 2828 corrigendo
1075 2728 1167 2816 lex,
1195 2719 1237 2796 in
1259 2721 1367 2798 cuius
1389 2738 1480 2817 sual

310 2836 430 2944 ¹sione
457 2845 601 2924 afflicta
624 2843 706 2922 iam
727 2831 1194 2947 etffproflmataTbarbarie
1207 2882 1224 2928 ‚
1250 2853 1291 2914 et
1317 2833 1359 2914 in
1383 2839 1478 2936 hac,-

314 2955 360 3038 in
389 2981 464 3066 qua
494 2959 600 3038 nunc
631 2953 802 3049 vivimus
830 2944 1068 3026 eruditionis
1099 2945 1398 3043 luce,‘nullum
1427 2976 1476 3053 ert

313 3071 431 3182 plebe
447 3073 717 3164 litteratorum
735 3085 876 3142 vereor
894 3059 1131 3142 seditiosum
1148 3061 1394 3166 Tribunum,
1405 3064 1482 3174 qui

310 3184 417 3270 ¹milti
445 3179 635 3264 sollemni
663 3177 771 3256 Veto
799 3171 1030 3256 intercedat.
1064 3239 1065 3242 ,
1469 3185 1473 3192 '

320 3357 324 3362 -
372 3302 468 3382 Lata
481 3315 622 3372 autem
645 3292 731 3393 lege
750 3289 830 3370 iarn
848 3315 893 3369 ex
913 3290 995 3371 iure
1013 3313 1134 3374 manu
1152 3313 1382 3376 consertum
1400 3313 1475 3390 voa

313 3441 365 3512 eo
395 3407 636 3487 Florezium.
670 3403 929 3513 Desperatum
953 3433 1034 3486 esse
1062 3412 1229 3488 salutem
1251 3409 1366 3491 huius
1388 3411 1473 3498 loci

312 3531 379 3606 vel
406 3523 484 3625 ipse
507 3519 709 3630 florezius
735 3521 952 3621 sodomis,
982 3519 1102 3600 euius
1117 3523 1212 3603 haee
1240 3547 1352 3604 sunt:
1380 3529 1472 3609 Perti

310 3671 360 3733 nn
374 3635 549 3716 teniendo
566 3636 627 3712 las
639 3637 823 3743 Legiones
834 3664 918 3714 mas
932 3663 1003 3745 que
1020 3637 1108 3714 diez
1121 3634 1320 3738 cobortes,
1338 3658 1474 3756 repuge'

310 3747 463 3838 Μίαν
482 3745 642 3830 cohorte
665 3749 817 3840 XIIII..
827 3749 1035 3832 ntxlllt:
1061 3771 1100 3842 et
1122 3772 1257 3862 tamen
1272 3756 1475 3860 relinquit,

266 3887 625 3972 ‘¹:².,
1212 3890 1415 3976 ¹postea
