<?xml version="1.0" encoding="UTF-8"?>
<!DOCTYPE html PUBLIC "-//W3C//DTD XHTML 1.0 Transitional//EN"
    "http://www.w3.org/TR/xhtml1/DTD/xhtml1-transitional.dtd">
<html xmlns="http://www.w3.org/1999/xhtml" xml:lang="en" lang="en">
 <head>
  <title>
</title>
<meta http-equiv="Content-Type" content="text/html;charset=utf-8" />
  <meta name='ocr-system' content='tesseract 3.04.00' />
  <meta name='ocr-capabilities' content='ocr_page ocr_carea ocr_par ocr_line ocrx_word'/>
</head>
<body>
  <div class='ocr_page' id='page_1' title='image "./finestresivsvin00bassgoog/finestresivsvin00bassgoog_0124.png"; bbox 0 0 3240 4688; ppageno 0'>
   <div class='ocr_carea' id='block_1_1' title="bbox 381 269 1292 370">
    <p class='ocr_par' dir='ltr' id='par_1_1' title="bbox 381 269 1292 370">
     <span class='ocr_line' id='line_1_1' title="bbox 381 269 1292 370; baseline 0.003 -20"><span class='ocrx_word' id='word_1_1' title='bbox 381 279 561 352; x_wconf 78' lang='lat' dir='ltr'>vorum</span> <span class='ocrx_word' id='word_1_2' title='bbox 586 279 732 350; x_wconf 76' lang='lat' dir='ltr'>xturr.</span> <span class='ocrx_word' id='word_1_3' title='bbox 758 279 869 350; x_wconf 77' lang='lat' dir='ltr'>ursa.</span> <span class='ocrx_word' id='word_1_4' title='bbox 899 281 1029 354; x_wconf 74' lang='lat' dir='ltr'>sace.</span> <span class='ocrx_word' id='word_1_5' title='bbox 1220 269 1292 370; x_wconf 86' lang='lat'>97</span> 
     </span>
    </p>
   </div>
   <div class='ocr_carea' id='block_1_2' title="bbox 127 405 1312 3499">
    <p class='ocr_par' dir='ltr' id='par_1_2' title="bbox 127 405 1307 3034">
     <span class='ocr_line' id='line_1_2' title="bbox 127 405 1294 516; baseline 0 -26"><span class='ocrx_word' id='word_1_6' title='bbox 127 405 259 490; x_wconf 59' lang='lat' dir='ltr'>eliam</span> <span class='ocrx_word' id='word_1_7' title='bbox 273 410 550 516; x_wconf 66' lang='lat' dir='ltr'>exceptionem</span> <span class='ocrx_word' id='word_1_8' title='bbox 568 409 679 488; x_wconf 81' lang='lat' dir='ltr'>Hier.</span> <span class='ocrx_word' id='word_1_9' title='bbox 693 409 835 490; x_wconf 82' lang='lat' dir='ltr'>Besora&#39;</span> <span class='ocrx_word' id='word_1_10' title='bbox 844 463 860 508; x_wconf 88' lang='lat'><em>,</em></span> <span class='ocrx_word' id='word_1_11' title='bbox 878 421 999 515; x_wconf 87' lang='lat' dir='ltr'>quern</span> <span class='ocrx_word' id='word_1_12' title='bbox 1019 419 1160 490; x_wconf 85' lang='lat' dir='ltr'>testem</span> <span class='ocrx_word' id='word_1_13' title='bbox 1177 408 1294 490; x_wconf 83' lang='lat' dir='ltr'>huius</span> 
     </span>
     <span class='ocr_line' id='line_1_3' title="bbox 128 521 1295 632; baseline 0.003 -30"><span class='ocrx_word' id='word_1_14' title='bbox 128 523 196 604; x_wconf 84' lang='lat' dir='ltr'>rei</span> <span class='ocrx_word' id='word_1_15' title='bbox 211 521 494 632; x_wconf 85' lang='lat' dir='ltr'>produximus,</span> <span class='ocrx_word' id='word_1_16' title='bbox 512 524 682 632; x_wconf 90' lang='lat' dir='ltr'>opponit</span> <span class='ocrx_word' id='word_1_17' title='bbox 698 555 706 602; x_wconf 84' lang='lat' dir='ltr'>r</span> <span class='ocrx_word' id='word_1_18' title='bbox 721 551 843 630; x_wconf 85' lang='lat' dir='ltr'>quam</span> <span class='ocrx_word' id='word_1_19' title='bbox 865 523 1054 606; x_wconf 82' lang='lat' dir='ltr'>videlicet</span> <span class='ocrx_word' id='word_1_20' title='bbox 1071 529 1086 603; x_wconf 71' lang='grc' dir='ltr'>ἔ</span> <span class='ocrx_word' id='word_1_21' title='bbox 1106 523 1215 630; x_wconf 90' lang='lat' dir='ltr'>quod</span> <span class='ocrx_word' id='word_1_22' title='bbox 1229 527 1295 606; x_wconf 85' lang='lat' dir='ltr'>vel</span> 
     </span>
     <span class='ocr_line' id='line_1_4' title="bbox 129 638 1295 747; baseline -0.003 -27"><span class='ocrx_word' id='word_1_23' title='bbox 129 638 409 721; x_wconf 70' lang='lat' dir='ltr'>consentiente</span> <span class='ocrx_word' id='word_1_24' title='bbox 433 639 669 718; x_wconf 79' lang='lat' dir='ltr'>Finestresio</span> <span class='ocrx_word' id='word_1_25' title='bbox 694 639 837 720; x_wconf 84' lang='lat' dir='ltr'>Besora</span> <span class='ocrx_word' id='word_1_26' title='bbox 864 638 1095 747; x_wconf 84' lang='lat' dir='ltr'>srupiciosus</span> <span class='ocrx_word' id='word_1_27' title='bbox 1117 639 1178 718; x_wconf 89' lang='lat' dir='ltr'>sir.</span> <span class='ocrx_word' id='word_1_28' title='bbox 1211 638 1295 718; x_wconf 73' lang='lat' dir='ltr'>uri·</span> 
     </span>
     <span class='ocr_line' id='line_1_5' title="bbox 129 751 1296 862; baseline 0.001 -30"><span class='ocrx_word' id='word_1_29' title='bbox 129 779 250 832; x_wconf 87' lang='lat' dir='ltr'>mum</span> <span class='ocrx_word' id='word_1_30' title='bbox 277 753 529 838; x_wconf 80' lang='lat' dir='ltr'>Finesrtesius</span> <span class='ocrx_word' id='word_1_31' title='bbox 552 779 772 860; x_wconf 85' lang='lat' dir='ltr'>numquam</span> <span class='ocrx_word' id='word_1_32' title='bbox 803 775 1025 862; x_wconf 83' lang='lat' dir='ltr'>suspectum</span> <span class='ocrx_word' id='word_1_33' title='bbox 1052 753 1189 834; x_wconf 81' lang='lat' dir='ltr'>habuit</span> <span class='ocrx_word' id='word_1_34' title='bbox 1214 751 1296 833; x_wconf 75' lang='lat' dir='ltr'>Ca-</span> 
     </span>
     <span class='ocr_line' id='line_1_6' title="bbox 132 867 1297 974; baseline -0.006 -22"><span class='ocrx_word' id='word_1_35' title='bbox 132 869 328 952; x_wconf 83' lang='lat' dir='ltr'>nonicum</span> <span class='ocrx_word' id='word_1_36' title='bbox 350 868 593 948; x_wconf 88' lang='lat' dir='ltr'>Ilerdensem</span> <span class='ocrx_word' id='word_1_37' title='bbox 611 922 626 966; x_wconf 88' lang='lat'>‚</span> <span class='ocrx_word' id='word_1_38' title='bbox 660 893 788 974; x_wconf 90' lang='lat' dir='ltr'>neque</span> <span class='ocrx_word' id='word_1_39' title='bbox 806 870 909 948; x_wconf 88' lang='lat' dir='ltr'>hunc</span> <span class='ocrx_word' id='word_1_40' title='bbox 929 867 1097 967; x_wconf 82' lang='lat' dir='ltr'>dubiae,</span> <span class='ocrx_word' id='word_1_41' title='bbox 1125 889 1189 946; x_wconf 88' lang='lat' dir='ltr'>aut</span> <span class='ocrx_word' id='word_1_42' title='bbox 1206 872 1297 946; x_wconf 86' lang='lat' dir='ltr'>sub·</span> 
     </span>
     <span class='ocr_line' id='line_1_7' title="bbox 134 980 1295 1088; baseline -0.001 -23"><span class='ocrx_word' id='word_1_43' title='bbox 134 985 254 1064; x_wconf 80' lang='lat' dir='ltr'>testae</span> <span class='ocrx_word' id='word_1_44' title='bbox 273 980 366 1062; x_wconf 85' lang='lat' dir='ltr'>fidei</span> <span class='ocrx_word' id='word_1_45' title='bbox 394 1009 585 1088; x_wconf 90' lang='lat' dir='ltr'>umquam</span> <span class='ocrx_word' id='word_1_46' title='bbox 604 982 798 1064; x_wconf 85' lang='lat' dir='ltr'>accusavit</span> <span class='ocrx_word' id='word_1_47' title='bbox 819 1016 829 1064; x_wconf 83' lang='lat' dir='ltr'>r</span> <span class='ocrx_word' id='word_1_48' title='bbox 853 981 977 1062; x_wconf 88' lang='lat' dir='ltr'>sedin</span> <span class='ocrx_word' id='word_1_49' title='bbox 993 984 1097 1062; x_wconf 75' lang='lat' dir='ltr'>clar.</span> <span class='ocrx_word' id='word_1_50' title='bbox 1115 997 1174 1062; x_wconf 88' lang='lat' dir='ltr'>II.</span> <span class='ocrx_word' id='word_1_51' title='bbox 1191 1003 1295 1064; x_wconf 74' lang='lat' dir='ltr'>trram.</span> 
     </span>
     <span class='ocr_line' id='line_1_8' title="bbox 135 1094 1297 1204; baseline -0.002 -22"><span class='ocrx_word' id='word_1_52' title='bbox 135 1123 204 1194; x_wconf 72' lang='lat' dir='ltr'>un·</span> <span class='ocrx_word' id='word_1_53' title='bbox 232 1098 300 1204; x_wconf 91' lang='lat' dir='ltr'>qui</span> <span class='ocrx_word' id='word_1_54' title='bbox 330 1101 441 1178; x_wconf 82' lang='lat' dir='ltr'>iocus</span> <span class='ocrx_word' id='word_1_55' title='bbox 459 1096 619 1178; x_wconf 84' lang='lat' dir='ltr'>affertur</span> <span class='ocrx_word' id='word_1_56' title='bbox 637 1105 684 1177; x_wconf 88' lang='lat' dir='ltr'>ab</span> <span class='ocrx_word' id='word_1_57' title='bbox 700 1097 904 1195; x_wconf 89' lang='lat' dir='ltr'>chrico‚</span> <span class='ocrx_word' id='word_1_58' title='bbox 922 1099 976 1176; x_wconf 85' lang='lat' dir='ltr'>air</span> <span class='ocrx_word' id='word_1_59' title='bbox 995 1131 1003 1178; x_wconf 92' lang='lat'><strong>:</strong></span> <span class='ocrx_word' id='word_1_60' title='bbox 1022 1151 1054 1195; x_wconf 86' lang='lat'>‚,</span> <span class='ocrx_word' id='word_1_61' title='bbox 1074 1094 1297 1184; x_wconf 82' lang='lat' dir='ltr'>Exscbedis</span> 
     </span>
     <span class='ocr_line' id='line_1_9' title="bbox 135 1209 1302 1322; baseline 0 -32"><span class='ocrx_word' id='word_1_62' title='bbox 135 1255 170 1310; x_wconf 83' lang='lat'>„</span> <span class='ocrx_word' id='word_1_63' title='bbox 188 1211 388 1292; x_wconf 87' lang='lat' dir='ltr'>Canonici</span> <span class='ocrx_word' id='word_1_64' title='bbox 409 1211 796 1322; x_wconf 79' lang='lat' dir='ltr'>Ilerdensisiosepbi</span> <span class='ocrx_word' id='word_1_65' title='bbox 813 1212 1056 1317; x_wconf 84' lang='lat' dir='ltr'>Hieronymi</span> <span class='ocrx_word' id='word_1_66' title='bbox 1078 1211 1225 1294; x_wconf 85' lang='lat' dir='ltr'>Besora</span> <span class='ocrx_word' id='word_1_67' title='bbox 1242 1209 1302 1290; x_wconf 86' lang='lat' dir='ltr'>vi·</span> 
     </span>
     <span class='ocr_line' id='line_1_10' title="bbox 135 1326 1297 1434; baseline -0.002 -30"><span class='ocrx_word' id='word_1_68' title='bbox 135 1377 169 1424; x_wconf 84' lang='lat'>„</span> <span class='ocrx_word' id='word_1_69' title='bbox 188 1329 222 1404; x_wconf 94' lang='lat' dir='ltr'>ri</span> <span class='ocrx_word' id='word_1_70' title='bbox 241 1326 468 1406; x_wconf 82' lang='lat' dir='ltr'>doctissimi</span> <span class='ocrx_word' id='word_1_71' title='bbox 487 1329 703 1434; x_wconf 76' lang='lat' dir='ltr'>nonnullae</span> <span class='ocrx_word' id='word_1_72' title='bbox 724 1329 979 1433; x_wconf 82' lang='lat' dir='ltr'>proferuntur</span> <span class='ocrx_word' id='word_1_73' title='bbox 998 1326 1297 1434; x_wconf 57' lang='lat' dir='ltr'>inscriptiones,</span> 
     </span>
     <span class='ocr_line' id='line_1_11' title="bbox 136 1439 1299 1550; baseline 0.002 -32"><span class='ocrx_word' id='word_1_74' title='bbox 136 1481 170 1540; x_wconf 66' lang='lat'>5,</span> <span class='ocrx_word' id='word_1_75' title='bbox 186 1442 334 1548; x_wconf 85' lang='lat' dir='ltr'>partim</span> <span class='ocrx_word' id='word_1_76' title='bbox 347 1445 529 1550; x_wconf 76' lang='lat' dir='ltr'>iuratae,</span> <span class='ocrx_word' id='word_1_77' title='bbox 548 1441 695 1548; x_wconf 88' lang='lat' dir='ltr'>partim</span> <span class='ocrx_word' id='word_1_78' title='bbox 715 1461 949 1548; x_wconf 80' lang='lat' dir='ltr'>corruptae:</span> <span class='ocrx_word' id='word_1_79' title='bbox 969 1441 1104 1520; x_wconf 88' lang='lat' dir='ltr'>nescio</span> <span class='ocrx_word' id='word_1_80' title='bbox 1126 1467 1174 1520; x_wconf 87' lang='lat' dir='ltr'>an</span> <span class='ocrx_word' id='word_1_81' title='bbox 1193 1439 1299 1520; x_wconf 82' lang='lat' dir='ltr'>illins</span> 
     </span>
     <span class='ocr_line' id='line_1_12' title="bbox 135 1551 1301 1662; baseline 0.001 -29"><span class='ocrx_word' id='word_1_82' title='bbox 135 1607 169 1653; x_wconf 86' lang='lat'>‚‚</span> <span class='ocrx_word' id='word_1_83' title='bbox 183 1556 292 1634; x_wconf 59' lang='lat' dir='ltr'>‘virio</span> <span class='ocrx_word' id='word_1_84' title='bbox 304 1611 330 1653; x_wconf 15' lang='lat' dir='ltr'>‚a</span> <span class='ocrx_word' id='word_1_85' title='bbox 349 1583 397 1636; x_wconf 85' lang='lat' dir='ltr'>an</span> <span class='ocrx_word' id='word_1_86' title='bbox 414 1554 723 1638; x_wconf 83' lang='lat' dir='ltr'>describentium</span> <span class='ocrx_word' id='word_1_87' title='bbox 736 1563 767 1605; x_wconf 87' lang='lat'>“</span> <span class='ocrx_word' id='word_1_88' title='bbox 785 1553 895 1662; x_wconf 94' lang='lat' dir='ltr'>quod</span> <span class='ocrx_word' id='word_1_89' title='bbox 915 1559 1089 1635; x_wconf 86' lang='lat' dir='ltr'>muitum</span> <span class='ocrx_word' id='word_1_90' title='bbox 1117 1579 1207 1634; x_wconf 85' lang='lat' dir='ltr'>sane</span> <span class='ocrx_word' id='word_1_91' title='bbox 1240 1551 1301 1634; x_wconf 76' lang='lat' dir='ltr'>di·</span> 
     </span>
     <span class='ocr_line' id='line_1_13' title="bbox 135 1669 1301 1778; baseline -0.004 -28"><span class='ocrx_word' id='word_1_92' title='bbox 135 1690 214 1750; x_wconf 82' lang='lat' dir='ltr'>stat</span> <span class='ocrx_word' id='word_1_93' title='bbox 258 1675 304 1750; x_wconf 88' lang='lat' dir='ltr'>ab</span> <span class='ocrx_word' id='word_1_94' title='bbox 347 1672 579 1778; x_wconf 84' lang='lat' dir='ltr'>exceptione</span> <span class='ocrx_word' id='word_1_95' title='bbox 623 1669 817 1778; x_wconf 87' lang='lat' dir='ltr'>opposita.</span> <span class='ocrx_word' id='word_1_96' title='bbox 867 1669 1010 1774; x_wconf 87' lang='lat' dir='ltr'>Neque</span> <span class='ocrx_word' id='word_1_97' title='bbox 1045 1673 1126 1750; x_wconf 90' lang='lat' dir='ltr'>hoc</span> <span class='ocrx_word' id='word_1_98' title='bbox 1155 1692 1301 1750; x_wconf 77' lang='lat' dir='ltr'>monu-</span> 
     </span>
     <span class='ocr_line' id='line_1_14' title="bbox 139 1783 1301 1894; baseline 0 -32"><span class='ocrx_word' id='word_1_99' title='bbox 139 1803 325 1866; x_wconf 87' lang='lat' dir='ltr'>mentum</span> <span class='ocrx_word' id='word_1_100' title='bbox 355 1783 642 1894; x_wconf 89' lang='lat' dir='ltr'>depromptum</span> <span class='ocrx_word' id='word_1_101' title='bbox 673 1785 748 1864; x_wconf 87' lang='lat' dir='ltr'>fuit</span> <span class='ocrx_word' id='word_1_102' title='bbox 766 1809 812 1862; x_wconf 85' lang='lat' dir='ltr'>err</span> <span class='ocrx_word' id='word_1_103' title='bbox 839 1783 1021 1880; x_wconf 75' lang='lat' dir='ltr'>schedis,</span> <span class='ocrx_word' id='word_1_104' title='bbox 1051 1783 1161 1890; x_wconf 91' lang='lat' dir='ltr'>quod</span> <span class='ocrx_word' id='word_1_105' title='bbox 1177 1807 1301 1888; x_wconf 87' lang='lat' dir='ltr'>quum</span> 
     </span>
     <span class='ocr_line' id='line_1_15' title="bbox 139 1891 1301 2007; baseline 0.003 -32"><span class='ocrx_word' id='word_1_106' title='bbox 139 1899 213 2000; x_wconf 80' lang='lat' dir='ltr'>fir,</span> <span class='ocrx_word' id='word_1_107' title='bbox 245 1905 373 1980; x_wconf 86' lang='lat' dir='ltr'>multa</span> <span class='ocrx_word' id='word_1_108' title='bbox 399 1901 504 1982; x_wconf 85' lang='lat' dir='ltr'>vitio</span> <span class='ocrx_word' id='word_1_109' title='bbox 534 1899 845 1982; x_wconf 81' lang='lat' dir='ltr'>describentium</span> <span class='ocrx_word' id='word_1_110' title='bbox 877 1891 1120 2007; x_wconf 61' lang='lat' dir='ltr'>peccanturss</span> <span class='ocrx_word' id='word_1_111' title='bbox 1152 1895 1220 1976; x_wconf 87' lang='lat' dir='ltr'>sed</span> <span class='ocrx_word' id='word_1_112' title='bbox 1254 1899 1301 1980; x_wconf 88' lang='lat' dir='ltr'>ab</span> 
     </span>
     <span class='ocr_line' id='line_1_16' title="bbox 137 2009 1300 2122; baseline 0.004 -33"><span class='ocrx_word' id='word_1_113' title='bbox 137 2011 227 2119; x_wconf 85' lang='lat' dir='ltr'>ipso</span> <span class='ocrx_word' id='word_1_114' title='bbox 244 2011 458 2094; x_wconf 87' lang='lat' dir='ltr'>Canonico</span> <span class='ocrx_word' id='word_1_115' title='bbox 488 2015 650 2096; x_wconf 89' lang='lat' dir='ltr'>vivente</span> <span class='ocrx_word' id='word_1_116' title='bbox 673 2015 837 2094; x_wconf 88' lang='lat' dir='ltr'>missum</span> <span class='ocrx_word' id='word_1_117' title='bbox 861 2014 912 2092; x_wconf 87' lang='lat' dir='ltr'>ad</span> <span class='ocrx_word' id='word_1_118' title='bbox 937 2015 1151 2122; x_wconf 84' lang='lat' dir='ltr'>Gasparcm</span> <span class='ocrx_word' id='word_1_119' title='bbox 1177 2009 1300 2112; x_wconf 83' lang='lat' dir='ltr'>Roig.</span> 
     </span>
     <span class='ocr_line' id='line_1_17' title="bbox 140 2125 1303 2232; baseline 0 -26"><span class='ocrx_word' id='word_1_120' title='bbox 140 2125 373 2206; x_wconf 81' lang='lat' dir='ltr'>Confirmat</span> <span class='ocrx_word' id='word_1_121' title='bbox 403 2125 446 2204; x_wconf 93' lang='lat' dir='ltr'>id</span> <span class='ocrx_word' id='word_1_122' title='bbox 474 2133 538 2206; x_wconf 88' lang='lat' dir='ltr'>vel</span> <span class='ocrx_word' id='word_1_123' title='bbox 568 2127 771 2224; x_wconf 83' lang='lat' dir='ltr'>maxime,</span> <span class='ocrx_word' id='word_1_124' title='bbox 798 2126 907 2232; x_wconf 91' lang='lat' dir='ltr'>quod</span> <span class='ocrx_word' id='word_1_125' title='bbox 937 2128 1044 2208; x_wconf 84' lang='lat' dir='ltr'>Flori</span> <span class='ocrx_word' id='word_1_126' title='bbox 1074 2151 1303 2228; x_wconf 83' lang='lat' dir='ltr'>cognomen</span> 
     </span>
     <span class='ocr_line' id='line_1_18' title="bbox 139 2239 1302 2350; baseline 0.002 -32"><span class='ocrx_word' id='word_1_127' title='bbox 139 2264 227 2326; x_wconf 87' lang='lat' dir='ltr'>non</span> <span class='ocrx_word' id='word_1_128' title='bbox 259 2239 444 2342; x_wconf 81' lang='lat' dir='ltr'>ignotum</span> <span class='ocrx_word' id='word_1_129' title='bbox 475 2240 516 2318; x_wconf 90' lang='lat' dir='ltr'>in</span> <span class='ocrx_word' id='word_1_130' title='bbox 538 2239 769 2320; x_wconf 83' lang='lat' dir='ltr'>Catalaunia</span> <span class='ocrx_word' id='word_1_131' title='bbox 798 2239 878 2337; x_wconf 84' lang='lat' dir='ltr'>sit,</span> <span class='ocrx_word' id='word_1_132' title='bbox 906 2245 983 2350; x_wconf 79' lang='lat' dir='ltr'>(p)</span> <span class='ocrx_word' id='word_1_133' title='bbox 1002 2266 1122 2345; x_wconf 90' lang='lat' dir='ltr'>quum</span> <span class='ocrx_word' id='word_1_134' title='bbox 1141 2244 1183 2318; x_wconf 87' lang='lat' dir='ltr'>in</span> <span class='ocrx_word' id='word_1_135' title='bbox 1199 2241 1302 2320; x_wconf 81' lang='lat' dir='ltr'>Clas.</span> 
     </span>
     <span class='ocr_line' id='line_1_19' title="bbox 139 2351 1302 2466; baseline 0.002 -32"><span class='ocrx_word' id='word_1_136' title='bbox 139 2367 176 2434; x_wconf 89' lang='lat'>1.</span> <span class='ocrx_word' id='word_1_137' title='bbox 205 2383 309 2437; x_wconf 78' lang='lat' dir='ltr'>rrum.</span> <span class='ocrx_word' id='word_1_138' title='bbox 327 2381 392 2444; x_wconf 82' lang='lat'>23·</span> <span class='ocrx_word' id='word_1_139' title='bbox 423 2356 560 2466; x_wconf 74' lang='lat' dir='ltr'>Syllog.</span> <span class='ocrx_word' id='word_1_140' title='bbox 579 2359 669 2434; x_wconf 72' lang='lat' dir='ltr'>fin.</span> <span class='ocrx_word' id='word_1_141' title='bbox 690 2354 917 2436; x_wconf 85' lang='lat' dir='ltr'>exhibeatur</span> <span class='ocrx_word' id='word_1_142' title='bbox 944 2355 1060 2432; x_wconf 87' lang='lat' dir='ltr'>nobis</span> <span class='ocrx_word' id='word_1_143' title='bbox 1088 2351 1302 2436; x_wconf 75' lang='lat' dir='ltr'>Cornelius</span> 
     </span>
     <span class='ocr_line' id='line_1_20' title="bbox 141 2467 1305 2568; baseline -0.003 -22"><span class='ocrx_word' id='word_1_144' title='bbox 141 2467 307 2568; x_wconf 75' lang='lat' dir='ltr'>Flusor,</span> <span class='ocrx_word' id='word_1_145' title='bbox 339 2489 379 2548; x_wconf 93' lang='lat' dir='ltr'>et</span> <span class='ocrx_word' id='word_1_146' title='bbox 397 2467 438 2548; x_wconf 89' lang='lat' dir='ltr'>iu</span> <span class='ocrx_word' id='word_1_147' title='bbox 454 2471 666 2550; x_wconf 77' lang='lat' dir='ltr'>Additiorre</span> <span class='ocrx_word' id='word_1_148' title='bbox 682 2483 806 2550; x_wconf 85' lang='lat' dir='ltr'>Inscr.</span> <span class='ocrx_word' id='word_1_149' title='bbox 837 2482 940 2550; x_wconf 80' lang='lat' dir='ltr'>Rom.</span> <span class='ocrx_word' id='word_1_150' title='bbox 971 2472 1180 2548; x_wconf 79' lang='lat' dir='ltr'>cervariae</span> <span class='ocrx_word' id='word_1_151' title='bbox 1197 2467 1305 2554; x_wconf 73' lang='lat' dir='ltr'>editae</span> 
     </span>
     <span class='ocr_line' id='line_1_21' title="bbox 142 2582 1304 2694; baseline -0.003 -30"><span class='ocrx_word' id='word_1_152' title='bbox 142 2610 234 2668; x_wconf 74' lang='lat' dir='ltr'>ann.</span> <span class='ocrx_word' id='word_1_153' title='bbox 264 2597 385 2684; x_wconf 74' lang='lat'><strong>¹7:⁶9·</strong></span> <span class='ocrx_word' id='word_1_154' title='bbox 413 2605 595 2666; x_wconf 87' lang='lat' dir='ltr'>occurrat</span> <span class='ocrx_word' id='word_1_155' title='bbox 622 2587 665 2661; x_wconf 84' lang='lat' dir='ltr'>in</span> <span class='ocrx_word' id='word_1_156' title='bbox 680 2608 774 2694; x_wconf 80' lang='lat' dir='ltr'>pag.</span> <span class='ocrx_word' id='word_1_157' title='bbox 790 2611 828 2670; x_wconf 88' lang='lat'>9·</span> <span class='ocrx_word' id='word_1_158' title='bbox 869 2582 1060 2662; x_wconf 87' lang='lat' dir='ltr'>Cornelia</span> <span class='ocrx_word' id='word_1_159' title='bbox 1091 2583 1206 2664; x_wconf 82' lang='lat' dir='ltr'>Flo-ta</span> <span class='ocrx_word' id='word_1_160' title='bbox 1229 2612 1237 2658; x_wconf 93' lang='lat'>:</span> <span class='ocrx_word' id='word_1_161' title='bbox 1259 2601 1304 2664; x_wconf 88' lang='lat' dir='ltr'>ut</span> 
     </span>
     <span class='ocr_line' id='line_1_22' title="bbox 143 2696 1305 2806; baseline -0.005 -28"><span class='ocrx_word' id='word_1_162' title='bbox 143 2700 315 2779; x_wconf 83' lang='lat' dir='ltr'>minime</span> <span class='ocrx_word' id='word_1_163' title='bbox 333 2699 459 2779; x_wconf 90' lang='lat' dir='ltr'>mirer</span> <span class='ocrx_word' id='word_1_164' title='bbox 476 2704 646 2778; x_wconf 88' lang='lat' dir='ltr'>alterum</span> <span class='ocrx_word' id='word_1_165' title='bbox 670 2700 711 2778; x_wconf 87' lang='lat' dir='ltr'>in</span> <span class='ocrx_word' id='word_1_166' title='bbox 733 2703 807 2780; x_wconf 82' lang='lat' dir='ltr'>hac</span> <span class='ocrx_word' id='word_1_167' title='bbox 836 2697 1043 2806; x_wconf 83' lang='lat' dir='ltr'>provincia</span> <span class='ocrx_word' id='word_1_168' title='bbox 1070 2697 1185 2776; x_wconf 84' lang='lat' dir='ltr'>fuisse</span> <span class='ocrx_word' id='word_1_169' title='bbox 1212 2696 1305 2776; x_wconf 51' lang='lat' dir='ltr'>Flos</span> 
     </span>
     <span class='ocr_line' id='line_1_23' title="bbox 142 2811 1307 2912; baseline 0.002 -21"><span class='ocrx_word' id='word_1_170' title='bbox 142 2839 235 2898; x_wconf 73' lang='lat' dir='ltr'>rum</span> <span class='ocrx_word' id='word_1_171' title='bbox 252 2812 551 2895; x_wconf 89' lang='lat' dir='ltr'>Gerundensem</span> <span class='ocrx_word' id='word_1_172' title='bbox 566 2869 582 2912; x_wconf 84' lang='lat'>‚</span> <span class='ocrx_word' id='word_1_173' title='bbox 611 2813 672 2896; x_wconf 90' lang='lat' dir='ltr'>cui</span> <span class='ocrx_word' id='word_1_174' title='bbox 689 2811 918 2894; x_wconf 88' lang='lat' dir='ltr'>dedicatum</span> <span class='ocrx_word' id='word_1_175' title='bbox 932 2811 1050 2892; x_wconf 85' lang='lat' dir='ltr'>fuerit</span> <span class='ocrx_word' id='word_1_176' title='bbox 1067 2835 1307 2903; x_wconf 83' lang='lat' dir='ltr'>monumen·</span> 
     </span>
     <span class='ocr_line' id='line_1_24' title="bbox 144 2925 1001 3034; baseline 0.002 -22"><span class='ocrx_word' id='word_1_177' title='bbox 144 2945 267 3022; x_wconf 77' lang='lat' dir='ltr'>turn,</span> <span class='ocrx_word' id='word_1_178' title='bbox 300 2925 350 3004; x_wconf 91' lang='lat' dir='ltr'>de</span> <span class='ocrx_word' id='word_1_179' title='bbox 372 2953 453 3031; x_wconf 90' lang='lat' dir='ltr'>quo</span> <span class='ocrx_word' id='word_1_180' title='bbox 471 2933 668 3034; x_wconf 87' lang='lat' dir='ltr'>hucusque</span> <span class='ocrx_word' id='word_1_181' title='bbox 686 2929 851 3032; x_wconf 82' lang='lat' dir='ltr'>egimus.</span> <span class='ocrx_word' id='word_1_182' title='bbox 874 2973 877 2982; x_wconf 89' lang='lat'><em>·</em></span> <span class='ocrx_word' id='word_1_183' title='bbox 998 3009 1001 3014; x_wconf 88' lang='lat'>.</span> 
     </span>
    </p>

    <p class='ocr_par' dir='ltr' id='par_1_3' title="bbox 145 3039 1312 3499">
     <span class='ocr_line' id='line_1_25' title="bbox 201 3039 1307 3150; baseline 0.004 -30"><span class='ocrx_word' id='word_1_184' title='bbox 201 3039 290 3120; x_wconf 86' lang='lat' dir='ltr'>Hac</span> <span class='ocrx_word' id='word_1_185' title='bbox 308 3039 601 3122; x_wconf 82' lang='lat' dir='ltr'>criminationis</span> <span class='ocrx_word' id='word_1_186' title='bbox 620 3066 727 3150; x_wconf 88' lang='lat' dir='ltr'>parte</span> <span class='ocrx_word' id='word_1_187' title='bbox 739 3097 755 3141; x_wconf 87' lang='lat'>‚</span> <span class='ocrx_word' id='word_1_188' title='bbox 789 3069 886 3150; x_wconf 85' lang='lat' dir='ltr'>quae</span> <span class='ocrx_word' id='word_1_189' title='bbox 905 3042 1007 3126; x_wconf 85' lang='lat' dir='ltr'>nihii</span> <span class='ocrx_word' id='word_1_190' title='bbox 1031 3047 1147 3126; x_wconf 84' lang='lat' dir='ltr'>habet</span> <span class='ocrx_word' id='word_1_191' title='bbox 1169 3040 1307 3124; x_wconf 81' lang='lat' dir='ltr'>funda·</span> 
     </span>
     <span class='ocr_line' id='line_1_26' title="bbox 145 3152 1307 3256; baseline -0.006 -18"><span class='ocrx_word' id='word_1_192' title='bbox 145 3152 275 3238; x_wconf 83' lang='lat' dir='ltr'>menti</span> <span class='ocrx_word' id='word_1_193' title='bbox 296 3156 488 3252; x_wconf 85' lang='lat' dir='ltr'>refutata,</span> <span class='ocrx_word' id='word_1_194' title='bbox 519 3157 755 3237; x_wconf 85' lang='lat' dir='ltr'>iniuriarum</span> <span class='ocrx_word' id='word_1_195' title='bbox 783 3159 906 3239; x_wconf 85' lang='lat' dir='ltr'>eriam</span> <span class='ocrx_word' id='word_1_196' title='bbox 924 3159 1076 3256; x_wconf 80' lang='lat' dir='ltr'>agimus</span> <span class='ocrx_word' id='word_1_197' title='bbox 1104 3181 1193 3238; x_wconf 90' lang='lat' dir='ltr'>cum</span> <span class='ocrx_word' id='word_1_198' title='bbox 1216 3155 1307 3234; x_wconf 77' lang='lat' dir='ltr'>Flo-</span> 
     </span>
     <span class='ocr_line' id='line_1_27' title="bbox 151 3267 1312 3378; baseline -0.003 -28"><span class='ocrx_word' id='word_1_199' title='bbox 151 3269 265 3358; x_wconf 78' lang='lat' dir='ltr'>rjezio</span> <span class='ocrx_word' id='word_1_200' title='bbox 286 3289 449 3378; x_wconf 86' lang='lat' dir='ltr'>propter</span> <span class='ocrx_word' id='word_1_201' title='bbox 466 3270 538 3350; x_wconf 85' lang='lat' dir='ltr'>ilia</span> <span class='ocrx_word' id='word_1_202' title='bbox 563 3275 705 3352; x_wconf 87' lang='lat' dir='ltr'>verba:</span> <span class='ocrx_word' id='word_1_203' title='bbox 726 3276 811 3354; x_wconf 83' lang='lat' dir='ltr'>ime</span> <span class='ocrx_word' id='word_1_204' title='bbox 827 3268 915 3350; x_wconf 74' lang='lat' dir='ltr'>hiae</span> <span class='ocrx_word' id='word_1_205' title='bbox 947 3267 1082 3376; x_wconf 71' lang='lat' dir='ltr'>mucha</span> <span class='ocrx_word' id='word_1_206' title='bbox 1107 3267 1312 3378; x_wconf 71' lang='lat' dir='ltr'>dr&#39;ficultard</span> 
     </span>
     <span class='ocr_line' id='line_1_28' title="bbox 149 3386 1310 3499; baseline -0.003 -34"><span class='ocrx_word' id='word_1_207' title='bbox 149 3415 195 3465; x_wconf 81' lang='lat' dir='ltr'>rrr</span> <span class='ocrx_word' id='word_1_208' title='bbox 203 3387 373 3496; x_wconf 83' lang='lat' dir='ltr'>primera</span> <span class='ocrx_word' id='word_1_209' title='bbox 387 3387 530 3466; x_wconf 83' lang='lat' dir='ltr'>lercion</span> <span class='ocrx_word' id='word_1_210' title='bbox 545 3441 561 3483; x_wconf 86' lang='lat'>‚</span> <span class='ocrx_word' id='word_1_211' title='bbox 575 3386 882 3499; x_wconf 79' lang='lat' dir='ltr'>despreciandola</span> <span class='ocrx_word' id='word_1_212' title='bbox 897 3413 997 3464; x_wconf 88' lang='lat' dir='ltr'>como</span> <span class='ocrx_word' id='word_1_213' title='bbox 1010 3411 1137 3464; x_wconf 78' lang='lat' dir='ltr'>nueva</span> <span class='ocrx_word' id='word_1_214' title='bbox 1155 3438 1171 3481; x_wconf 82' lang='lat'>‚</span> <span class='ocrx_word' id='word_1_215' title='bbox 1201 3387 1217 3460; x_wconf 80' lang='lat' dir='ltr'>i</span> <span class='ocrx_word' id='word_1_216' title='bbox 1233 3411 1310 3462; x_wconf 77' lang='lat' dir='ltr'>me·</span> 
     </span>
    </p>
   </div>
   <div class='ocr_carea' id='block_1_3' title="bbox 147 3497 1307 3696">
    <p class='ocr_par' dir='ltr' id='par_1_4' title="bbox 147 3497 1307 3696">
     <span class='ocr_line' id='line_1_29' title="bbox 147 3497 1307 3614; baseline 0.002 -38"><span class='ocrx_word' id='word_1_217' title='bbox 147 3527 217 3608; x_wconf 75' lang='lat' dir='ltr'>nor</span> <span class='ocrx_word' id='word_1_218' title='bbox 230 3497 455 3611; x_wconf 82' lang='lat' dir='ltr'>perceptible</span> <span class='ocrx_word' id='word_1_219' title='bbox 468 3530 586 3614; x_wconf 77' lang='lat' dir='ltr'>regan</span> <span class='ocrx_word' id='word_1_220' title='bbox 599 3501 639 3581; x_wconf 84' lang='lat' dir='ltr'>la</span> <span class='ocrx_word' id='word_1_221' title='bbox 653 3523 822 3614; x_wconf 82' lang='lat' dir='ltr'>estampa</span> <span class='ocrx_word' id='word_1_222' title='bbox 835 3505 1059 3598; x_wconf 67' lang='lat' dir='ltr'>fineretur,</span> <span class='ocrx_word' id='word_1_223' title='bbox 1089 3528 1160 3611; x_wconf 88' lang='lat' dir='ltr'>qrre</span> <span class='ocrx_word' id='word_1_224' title='bbox 1176 3529 1214 3578; x_wconf 87' lang='lat' dir='ltr'>se</span> <span class='ocrx_word' id='word_1_225' title='bbox 1226 3499 1307 3580; x_wconf 83' lang='lat' dir='ltr'>des·</span> 
     </span>
     <span class='ocr_line' id='line_1_30' title="bbox 728 3611 1250 3696; baseline 0 0"><span class='ocrx_word' id='word_1_226' title='bbox 728 3617 770 3696; x_wconf 92' lang='lat' dir='ltr'>N</span> <span class='ocrx_word' id='word_1_227' title='bbox 1138 3611 1250 3696; x_wconf 84' lang='lat' dir='ltr'>cuido&#39;</span> 
     </span>
    </p>
   </div>
   <div class='ocr_carea' id='block_1_4' title="bbox 149 3758 1309 3799">
    <p class='ocr_par' dir='ltr' id='par_1_5' title="bbox 149 3758 1309 3799">
     <span class='ocr_line' id='line_1_31' title="bbox 149 3758 1309 3799; baseline -0.002 -13"><span class='ocrx_word' id='word_1_228' title='bbox 149 3758 814 3790; x_wconf 48' lang='lat' dir='ltr'>maun—affl.</span> <span class='ocrx_word' id='word_1_229' title='bbox 821 3764 1309 3799; x_wconf 53' lang='lat' dir='ltr'>mun-</span> 
     </span>
    </p>
   </div>
   <div class='ocr_carea' id='block_1_5' title="bbox 151 3809 1310 4052">
    <p class='ocr_par' dir='ltr' id='par_1_6' title="bbox 151 3809 1310 4052">
     <span class='ocr_line' id='line_1_32' title="bbox 182 3809 1310 3905; baseline -0.008 -15"><span class='ocrx_word' id='word_1_230' title='bbox 182 3883 185 3890; x_wconf 92' lang='lat'>.</span> <span class='ocrx_word' id='word_1_231' title='bbox 207 3824 265 3902; x_wconf 84' lang='lat' dir='ltr'>(q)</span> <span class='ocrx_word' id='word_1_232' title='bbox 320 3824 470 3886; x_wconf 89' lang='lat' dir='ltr'>Notissimi</span> <span class='ocrx_word' id='word_1_233' title='bbox 493 3809 557 3888; x_wconf 82' lang='lat' dir='ltr'>sunt</span> <span class='ocrx_word' id='word_1_234' title='bbox 580 3829 665 3890; x_wconf 83' lang='lat' dir='ltr'>etiam</span> <span class='ocrx_word' id='word_1_235' title='bbox 688 3824 717 3884; x_wconf 89' lang='lat' dir='ltr'>in</span> <span class='ocrx_word' id='word_1_236' title='bbox 737 3811 909 3888; x_wconf 47' lang='lat' dir='ltr'>&#39;catalaunia</span> <span class='ocrx_word' id='word_1_237' title='bbox 928 3824 1049 3897; x_wconf 86' lang='lat' dir='ltr'>Licinii,</span> <span class='ocrx_word' id='word_1_238' title='bbox 1072 3846 1189 3905; x_wconf 90' lang='lat' dir='ltr'>quorum</span> <span class='ocrx_word' id='word_1_239' title='bbox 1220 3819 1310 3881; x_wconf 82' lang='lat' dir='ltr'>muita</span> 
     </span>
     <span class='ocr_line' id='line_1_33' title="bbox 151 3903 1307 3990; baseline -0.005 -27"><span class='ocrx_word' id='word_1_240' title='bbox 151 3911 297 3965; x_wconf 74' lang='lat' dir='ltr'>ncununt</span> <span class='ocrx_word' id='word_1_241' title='bbox 306 3921 500 3974; x_wconf 75' lang='lat' dir='ltr'>monumenta.</span> <span class='ocrx_word' id='word_1_242' title='bbox 516 3907 584 3977; x_wconf 71' lang='lat' dir='ltr'>vid,</span> <span class='ocrx_word' id='word_1_243' title='bbox 599 3911 699 3990; x_wconf 76' lang='lat' dir='ltr'><em>Syllog.</em></span> <span class='ocrx_word' id='word_1_244' title='bbox 709 3908 782 3971; x_wconf 59' lang='grc' dir='ltr'>ΗΜ</span> <span class='ocrx_word' id='word_1_245' title='bbox 794 3910 870 3970; x_wconf 81' lang='lat' dir='ltr'>Clas.</span> <span class='ocrx_word' id='word_1_246' title='bbox 881 3910 942 3972; x_wconf 83' lang='lat'>111.</span> <span class='ocrx_word' id='word_1_247' title='bbox 957 3924 1034 3967; x_wconf 83' lang='lat' dir='ltr'>num.</span> <span class='ocrx_word' id='word_1_248' title='bbox 1048 3927 1096 3990; x_wconf 72' lang='lat'>30⁴</span> <span class='ocrx_word' id='word_1_249' title='bbox 1108 3925 1156 3986; x_wconf 82' lang='lat'>3¹·</span> <span class='ocrx_word' id='word_1_250' title='bbox 1173 3903 1307 3967; x_wconf 76' lang='lat' dir='ltr'>ClanVI.</span> 
     </span>
     <span class='ocr_line' id='line_1_34' title="bbox 151 4002 310 4052; baseline -0.006 -3"><span class='ocrx_word' id='word_1_251' title='bbox 151 4002 230 4049; x_wconf 68' lang='lat' dir='ltr'>mm·</span> <span class='ocrx_word' id='word_1_252' title='bbox 247 4007 310 4052; x_wconf 48' lang='grc' dir='ltr'>Νι</span> 
     </span>
    </p>
   </div>
   <div class='ocr_carea' id='block_1_6' title="bbox 0 0 1652 4688">
    <p class='ocr_par' dir='ltr' id='par_1_7' title="bbox 0 0 1652 4688">
     <span class='ocr_line' id='line_1_35' title="bbox 0 0 1652 4688; baseline 0 0"><span class='ocrx_word' id='word_1_253' title='bbox 0 0 1652 4688; x_wconf 95' lang='lat' dir='ltr'> </span> 
     </span>
    </p>
   </div>
  </div>
 </body>
</html>
