3244 4710
326 298 422 388 196
509 328 842 398 uruusrnusrvs
865 327 1314 396 vauurcacanxxv.

314 587 917 676 FINESTRESIVS
980 587 1482 676 VINDICATVS

532 749 558 810 a
588 747 667 850 cap.
695 729 849 809 XXV.
879 717 1028 810 nolum.
1053 729 1259 812 XXIIII.
1464 747 1472 778 ··
1607 715 1608 758 ³

766 857 1063 990 Hisp.Srrcr.¹

432 1138 492 1217 VI
514 1143 670 1218 nullum
698 1163 780 1220 non
799 1137 931 1217 movit
947 1139 1176 1218 Tarracone
1205 1137 1410 1246 lapidem,
1437 1161 1480 1218 ut

466 1254 645 1332 censoria
666 1255 818 1353 virgula
846 1274 1002 1332 notaret
1032 1253 1343 1349 Finestresium,
1375 1279 1481 1335 nunc

316 1371 422 1444 male
454 1370 604 1446 olentia
633 1368 897 1450 Ethuicorutn
912 1371 1087 1474 sepulcra
1102 1368 1307 1474 aperiens,
1336 1393 1480 1464 omnes

318 1481 499 1558 lustrabit
550 1486 745 1582 angulos,
779 1483 960 1586 nihilque
997 1483 1234 1560 intentatum
1282 1481 1479 1586 relinquet

316 1591 367 1672 ad
384 1592 667 1674 deterrendum
687 1596 994 1690 Finestresium3
1025 1596 1093 1701 qui
1125 1616 1369 1674 tamennon
1399 1597 1479 1672 tui-
1606 1611 1608 1618 ’

315 1707 440 1804 nori,
472 1736 590 1816 quam
618 1735 737 1815 usque
770 1709 897 1789 adhuc
928 1711 1105 1808 anime,
1143 1711 1346 1788 sustinebit
1383 1710 1480 1786 ulti·
1607 1779 1608 1820 ἦ

317 1846 431 1917 anum
458 1823 627 1905 Florezii
647 1825 871 1934 impetum,
896 1845 936 1908 ct
954 1824 1036 1902 iure
1064 1851 1136 1904 suo
1153 1823 1479 1926 extorquebit'ab
1607 1835 1608 1920 l

317 1937 431 2012 hoste
462 1939 631 2035 alienas,
660 1939 798 2044 quibus
819 1965 857 2016 se
877 1941 1036 2016 ornavit
1063 1940 1218 2016 exuvias
1231 1992 1247 2033 ‚
1276 1957 1316 2012 et
1333 1936 1478 2044 spolia,
1607 1923 1608 1948 ¹

316 2074 414 2168 quae
429 2051 511 2128 sine
531 2056 617 2130 ullo
632 2051 775 2130 sudore
794 2073 832 2129 et
847 2052 1032 2150 sanguine
1051 2053 1312 2162 comparavit.

373 2163 421 2244 In
436 2193 540 2248 num.
560 2192 598 2256 ς.
615 2169 712 2248 haec
728 2168 892 2278 ponitur
911 2161 1118 2276 inscriptio

603 2512 654 2594 C.
698 2397 978 2594 nuutii'lvii
1014 2508 1188 2594 acum

602 2628 798 2708 LAEVS.
841 2625 978 2708 SIBI.
1019 2627 1187 2708 VIVO

603 2739 893 2824 SCRIBI.
953 2735 1188 2832 IVSSIT¹

762 2855 1019 3049 suu

717 3083 937 3162 DEINDE.
981 3082 1069 3161 FVI

597 3197 809 3280 trouu.
853 3198 1011 3278 nou.
1057 3197 1187 3316 suu

311 3483 345 3527 „
363 3424 537 3509 Estando
563 3426 660 3506 vivo
677 3448 755 3507 este
774 3425 822 3505 C.
840 3425 993 3508 Emilio
1020 3426 1222 3524 Achileo,
1251 3427 1381 3534 inquit
1396 3426 1475 3507 Hir

194 3566 197 3571 ·
312 3545 480 3623 storicus
509 3597 524 3638 ,
565 3542 712 3622 mandri
751 3547 890 3644 grabar
936 3569 985 3620 eu
1020 3547 1058 3620 la
1096 3541 1232 3649 piedra
1268 3543 1473 3624 destinada

312 3714 344 3758 ,‚
362 3683 454 3766 para
484 3653 526 3734 su
557 3661 737 3763 'sepulcro
764 3662 801 3735 la
830 3658 1029 3736 sentencia
1054 3661 1302 3746 memorabis
1332 3658 1382 3736 de
1410 3661 1473 3734 los

309 3827 342 3874 ,,
362 3795 439 3850 tres
456 3771 610 3850 estados
628 3769 677 3849 de
692 3776 753 3850 los
768 3771 986 3869 uiuentes,
1004 3797 1054 3849 en
1073 3775 1110 3849 la
1125 3771 1253 3870 uada,
1272 3799 1321 3850 en
1338 3777 1375 3852 el
1395 3766 1470 3866 se'r,

306 3942 339 3990 ,‚
358 3886 434 3968 ien
452 3890 488 3965 el
505 3911 561 3967 no
577 3881 646 3965 se‘r.
673 3887 748 3968 Era
774 3888 955 3966 formula
981 3885 1097 3984 usada
1118 3911 1168 3965 en
1190 3891 1380 3992 algunos,
1400 3911 1470 3964 co-

1284 4055 1318 4101 a>
1335 4025 1407 4080 ΠΨ
