<?xml version="1.0" encoding="UTF-8"?>
<!DOCTYPE html PUBLIC "-//W3C//DTD XHTML 1.0 Transitional//EN"
    "http://www.w3.org/TR/xhtml1/DTD/xhtml1-transitional.dtd">
<html xmlns="http://www.w3.org/1999/xhtml" xml:lang="en" lang="en">
 <head>
  <title>
</title>
<meta http-equiv="Content-Type" content="text/html;charset=utf-8" />
  <meta name='ocr-system' content='tesseract 3.04.00' />
  <meta name='ocr-capabilities' content='ocr_page ocr_carea ocr_par ocr_line ocrx_word'/>
</head>
<body>
  <div class='ocr_page' id='page_1' title='image "./finestresivsvin00bassgoog/finestresivsvin00bassgoog_0197.png"; bbox 0 0 3244 4710; ppageno 0'>
   <div class='ocr_carea' id='block_1_1' title="bbox 340 333 1356 442">
    <p class='ocr_par' dir='ltr' id='par_1_1' title="bbox 340 333 1356 442">
     <span class='ocr_line' id='line_1_1' title="bbox 340 333 1356 442; baseline -0.003 -24"><span class='ocrx_word' id='word_1_1' title='bbox 340 333 432 428; x_wconf 57' lang='lat' dir='ltr'>lli-0</span> <span class='ocrx_word' id='word_1_2' title='bbox 527 351 854 442; x_wconf 73' lang='lat' dir='ltr'>muneramus</span> <span class='ocrx_word' id='word_1_3' title='bbox 881 350 1356 418; x_wconf 75' lang='lat' dir='ltr'>viuo1c.a··cua..ax11.</span> 
     </span>
    </p>
   </div>
   <div class='ocr_carea' id='block_1_2' title="bbox 219 475 1609 3802">
    <p class='ocr_par' dir='ltr' id='par_1_2' title="bbox 219 475 1609 3802">
     <span class='ocr_line' id='line_1_2' title="bbox 337 475 1500 578; baseline 0.009 -28"><span class='ocrx_word' id='word_1_4' title='bbox 337 499 456 578; x_wconf 87' lang='lat' dir='ltr'>quant</span> <span class='ocrx_word' id='word_1_5' title='bbox 487 475 624 556; x_wconf 87' lang='lat' dir='ltr'>festive</span> <span class='ocrx_word' id='word_1_6' title='bbox 654 475 919 558; x_wconf 67' lang='lat' dir='ltr'>dissolvitur?</span> <span class='ocrx_word' id='word_1_7' title='bbox 937 476 1016 558; x_wconf 90' lang='lat' dir='ltr'>Hic</span> <span class='ocrx_word' id='word_1_8' title='bbox 1037 503 1113 578; x_wconf 88' lang='lat' dir='ltr'>ego</span> <span class='ocrx_word' id='word_1_9' title='bbox 1129 475 1286 575; x_wconf 87' lang='lat' dir='ltr'>miror,</span> <span class='ocrx_word' id='word_1_10' title='bbox 1304 498 1500 560; x_wconf 86' lang='lat' dir='ltr'>nostrum</span> 
     </span>
     <span class='ocr_line' id='line_1_3' title="bbox 337 587 1501 702; baseline 0.006 -35"><span class='ocrx_word' id='word_1_11' title='bbox 337 587 588 670; x_wconf 86' lang='lat' dir='ltr'>Historicum</span> <span class='ocrx_word' id='word_1_12' title='bbox 614 647 629 688; x_wconf 86' lang='lat'><strong><em>,</em></strong></span> <span class='ocrx_word' id='word_1_13' title='bbox 656 592 723 700; x_wconf 91' lang='lat' dir='ltr'>qui</span> <span class='ocrx_word' id='word_1_14' title='bbox 754 613 959 702; x_wconf 84' lang='lat' dir='ltr'>tantopere</span> <span class='ocrx_word' id='word_1_15' title='bbox 990 594 1160 690; x_wconf 85' lang='lat' dir='ltr'>exagitat</span> <span class='ocrx_word' id='word_1_16' title='bbox 1193 591 1501 674; x_wconf 85' lang='lat' dir='ltr'>Ceruariensem</span> 
     </span>
     <span class='ocr_line' id='line_1_4' title="bbox 336 702 1609 814; baseline 0.005 -34"><span class='ocrx_word' id='word_1_17' title='bbox 336 702 627 784; x_wconf 79' lang='lat' dir='ltr'>Academicum</span> <span class='ocrx_word' id='word_1_18' title='bbox 644 763 659 803; x_wconf 88' lang='lat'><strong><em>,</em></strong></span> <span class='ocrx_word' id='word_1_19' title='bbox 686 705 796 812; x_wconf 90' lang='lat' dir='ltr'>quod</span> <span class='ocrx_word' id='word_1_20' title='bbox 809 733 893 788; x_wconf 94' lang='lat' dir='ltr'>non</span> <span class='ocrx_word' id='word_1_21' title='bbox 909 707 1149 788; x_wconf 87' lang='lat' dir='ltr'>consuluerit</span> <span class='ocrx_word' id='word_1_22' title='bbox 1169 706 1403 814; x_wconf 82' lang='lat' dir='ltr'>Foguetium</span> <span class='ocrx_word' id='word_1_23' title='bbox 1422 763 1436 803; x_wconf 89' lang='lat'><strong><em>,</em></strong></span> <span class='ocrx_word' id='word_1_24' title='bbox 1456 708 1502 788; x_wconf 86' lang='lat' dir='ltr'>in</span> <span class='ocrx_word' id='word_1_25' title='bbox 1608 787 1609 814; x_wconf 24' lang='lat' dir='ltr'>p</span> 
     </span>
     <span class='ocr_line' id='line_1_5' title="bbox 336 815 1609 927; baseline 0.005 -33"><span class='ocrx_word' id='word_1_26' title='bbox 336 815 444 895; x_wconf 91' lang='lat' dir='ltr'>idem</span> <span class='ocrx_word' id='word_1_27' title='bbox 486 843 690 925; x_wconf 88' lang='lat' dir='ltr'>peccatum</span> <span class='ocrx_word' id='word_1_28' title='bbox 716 821 934 919; x_wconf 82' lang='lat' dir='ltr'>incidisse,</span> <span class='ocrx_word' id='word_1_29' title='bbox 969 848 1021 902; x_wconf 88' lang='lat' dir='ltr'>eo</span> <span class='ocrx_word' id='word_1_30' title='bbox 1049 821 1205 922; x_wconf 85' lang='lat' dir='ltr'>gravius</span> <span class='ocrx_word' id='word_1_31' title='bbox 1235 819 1502 927; x_wconf 84' lang='lat' dir='ltr'>puniendum,</span> <span class='ocrx_word' id='word_1_32' title='bbox 1608 865 1609 874; x_wconf 22' lang='grc' dir='ltr'><strong><em>κ</em></strong></span> 
     </span>
     <span class='ocr_line' id='line_1_6' title="bbox 336 931 1503 1043; baseline 0.002 -33"><span class='ocrx_word' id='word_1_33' title='bbox 336 931 446 1038; x_wconf 84' lang='lat' dir='ltr'>quod</span> <span class='ocrx_word' id='word_1_34' title='bbox 480 931 807 1040; x_wconf 82' lang='lat' dir='ltr'>depravationem</span> <span class='ocrx_word' id='word_1_35' title='bbox 846 937 1022 1042; x_wconf 75' lang='lat' dir='ltr'>aliquam</span> <span class='ocrx_word' id='word_1_36' title='bbox 1053 935 1237 1043; x_wconf 87' lang='lat' dir='ltr'>suspicari</span> <span class='ocrx_word' id='word_1_37' title='bbox 1267 957 1423 1042; x_wconf 91' lang='lat' dir='ltr'>poterat</span> <span class='ocrx_word' id='word_1_38' title='bbox 1455 937 1503 1031; x_wconf 83' lang='lat' dir='ltr'>in</span> 
     </span>
     <span class='ocr_line' id='line_1_7' title="bbox 336 1047 1501 1156; baseline 0.006 -32"><span class='ocrx_word' id='word_1_39' title='bbox 336 1050 415 1124; x_wconf 91' lang='lat' dir='ltr'>hoc</span> <span class='ocrx_word' id='word_1_40' title='bbox 443 1051 567 1144; x_wconf 87' lang='lat' dir='ltr'>loco,</span> <span class='ocrx_word' id='word_1_41' title='bbox 595 1051 660 1130; x_wconf 93' lang='lat' dir='ltr'>ubi</span> <span class='ocrx_word' id='word_1_42' title='bbox 687 1056 841 1130; x_wconf 89' lang='lat' dir='ltr'>unllam</span> <span class='ocrx_word' id='word_1_43' title='bbox 868 1052 1092 1131; x_wconf 87' lang='lat' dir='ltr'>inveniebat</span> <span class='ocrx_word' id='word_1_44' title='bbox 1124 1047 1347 1156; x_wconf 85' lang='lat' dir='ltr'>explicandi</span> <span class='ocrx_word' id='word_1_45' title='bbox 1376 1051 1501 1130; x_wconf 90' lang='lat' dir='ltr'>viam.</span> 
     </span>
     <span class='ocr_line' id='line_1_8' title="bbox 339 1161 1609 1270; baseline 0.002 -30"><span class='ocrx_word' id='word_1_46' title='bbox 339 1161 475 1265; x_wconf 88' lang='lat' dir='ltr'>Itaque</span> <span class='ocrx_word' id='word_1_47' title='bbox 520 1161 550 1240; x_wconf 91' lang='lat' dir='ltr'>si</span> <span class='ocrx_word' id='word_1_48' title='bbox 596 1169 854 1245; x_wconf 87' lang='lat' dir='ltr'>consuluisset</span> <span class='ocrx_word' id='word_1_49' title='bbox 880 1187 991 1264; x_wconf 79' lang='lat' dir='ltr'>‚aur</span> <span class='ocrx_word' id='word_1_50' title='bbox 1028 1164 1244 1265; x_wconf 86' lang='lat' dir='ltr'>diligenter</span> <span class='ocrx_word' id='word_1_51' title='bbox 1274 1163 1502 1270; x_wconf 84' lang='lat' dir='ltr'>inspexisset</span> <span class='ocrx_word' id='word_1_52' title='bbox 1608 1163 1609 1252; x_wconf 65' lang='grc' dir='ltr'><strong>ζ</strong></span> 
     </span>
     <span class='ocr_line' id='line_1_9' title="bbox 337 1261 1609 1393; baseline 0.005 -39"><span class='ocrx_word' id='word_1_53' title='bbox 337 1279 606 1382; x_wconf 81' lang='lat' dir='ltr'>apographum</span> <span class='ocrx_word' id='word_1_54' title='bbox 637 1281 816 1382; x_wconf 84' lang='lat' dir='ltr'>Foguetii</span> <span class='ocrx_word' id='word_1_55' title='bbox 836 1284 950 1393; x_wconf 80' lang='lat' dir='ltr'>(puer</span> <span class='ocrx_word' id='word_1_56' title='bbox 975 1309 1044 1360; x_wconf 86' lang='lat' dir='ltr'>con</span> <span class='ocrx_word' id='word_1_57' title='bbox 1073 1307 1192 1360; x_wconf 79' lang='lat' dir='ltr'>razna</span> <span class='ocrx_word' id='word_1_58' title='bbox 1210 1281 1223 1378; x_wconf 74' lang='lat' dir='ltr'>l</span> <span class='ocrx_word' id='word_1_59' title='bbox 1238 1275 1289 1380; x_wconf 50' lang='lat' dir='ltr'>h.)</span> <span class='ocrx_word' id='word_1_60' title='bbox 1308 1274 1424 1358; x_wconf 74' lang='lat' dir='ltr'>araba</span> <span class='ocrx_word' id='word_1_61' title='bbox 1454 1307 1504 1360; x_wconf 75' lang='lat' dir='ltr'>ste</span> <span class='ocrx_word' id='word_1_62' title='bbox 1608 1261 1609 1302; x_wconf 58' lang='lat'>³</span> 
     </span>
     <span class='ocr_line' id='line_1_10' title="bbox 327 1392 1609 1503; baseline 0.008 -37"><span class='ocrx_word' id='word_1_63' title='bbox 327 1413 568 1503; x_wconf 85' lang='lat' dir='ltr'>personapor</span> <span class='ocrx_word' id='word_1_64' title='bbox 584 1396 624 1472; x_wconf 80' lang='lat' dir='ltr'>la</span> <span class='ocrx_word' id='word_1_65' title='bbox 638 1398 833 1476; x_wconf 78' lang='lat' dir='ltr'>eruditiore</span> <span class='ocrx_word' id='word_1_66' title='bbox 852 1403 868 1472; x_wconf 86' lang='lat' dir='ltr'>i</span> <span class='ocrx_word' id='word_1_67' title='bbox 883 1395 1087 1497; x_wconf 82' lang='lat' dir='ltr'>doctr-ina)</span> <span class='ocrx_word' id='word_1_68' title='bbox 1105 1392 1295 1489; x_wconf 86' lang='lat' dir='ltr'>vidisset,</span> <span class='ocrx_word' id='word_1_69' title='bbox 1317 1420 1400 1472; x_wconf 91' lang='lat' dir='ltr'>non</span> <span class='ocrx_word' id='word_1_70' title='bbox 1421 1393 1502 1494; x_wconf 84' lang='lat' dir='ltr'>legi</span> <span class='ocrx_word' id='word_1_71' title='bbox 1608 1463 1609 1476; x_wconf 53' lang='lat'>.</span> 
     </span>
     <span class='ocr_line' id='line_1_11' title="bbox 336 1501 1502 1614; baseline 0.006 -34"><span class='ocrx_word' id='word_1_72' title='bbox 336 1501 415 1582; x_wconf 93' lang='lat' dir='ltr'>CX</span> <span class='ocrx_word' id='word_1_73' title='bbox 433 1506 473 1584; x_wconf 91' lang='lat' dir='ltr'>in</span> <span class='ocrx_word' id='word_1_74' title='bbox 493 1511 570 1586; x_wconf 85' lang='lat' dir='ltr'>line</span> <span class='ocrx_word' id='word_1_75' title='bbox 588 1536 718 1588; x_wconf 89' lang='lat' dir='ltr'>versus</span> <span class='ocrx_word' id='word_1_76' title='bbox 734 1509 994 1606; x_wconf 85' lang='lat' dir='ltr'>duodecimi,</span> <span class='ocrx_word' id='word_1_77' title='bbox 1021 1509 1087 1588; x_wconf 90' lang='lat' dir='ltr'>sed</span> <span class='ocrx_word' id='word_1_78' title='bbox 1102 1521 1323 1614; x_wconf 86' lang='lat' dir='ltr'>separatum</span> <span class='ocrx_word' id='word_1_79' title='bbox 1340 1531 1379 1584; x_wconf 91' lang='lat' dir='ltr'>er</span> <span class='ocrx_word' id='word_1_80' title='bbox 1393 1513 1502 1587; x_wconf 86' lang='lat' dir='ltr'>malo</span> 
     </span>
     <span class='ocr_line' id='line_1_12' title="bbox 336 1615 1501 1730; baseline 0.004 -36"><span class='ocrx_word' id='word_1_81' title='bbox 336 1615 620 1701; x_wconf 61' lang='lat' dir='ltr'>informatumv</span> <span class='ocrx_word' id='word_1_82' title='bbox 636 1649 781 1702; x_wconf 88' lang='lat' dir='ltr'>nexum</span> <span class='ocrx_word' id='word_1_83' title='bbox 807 1622 1023 1730; x_wconf 87' lang='lat' dir='ltr'>quemdam</span> <span class='ocrx_word' id='word_1_84' title='bbox 1050 1622 1308 1718; x_wconf 83' lang='lat' dir='ltr'>litterarum,</span> <span class='ocrx_word' id='word_1_85' title='bbox 1340 1623 1406 1728; x_wconf 90' lang='lat' dir='ltr'>qui</span> <span class='ocrx_word' id='word_1_86' title='bbox 1424 1649 1501 1701; x_wconf 52' lang='lat' dir='ltr'>non</span> 
     </span>
     <span class='ocr_line' id='line_1_13' title="bbox 336 1735 1503 1848; baseline 0.005 -36"><span class='ocrx_word' id='word_1_87' title='bbox 336 1753 420 1812; x_wconf 83' lang='lat' dir='ltr'>stro</span> <span class='ocrx_word' id='word_1_88' title='bbox 435 1735 586 1816; x_wconf 90' lang='lat' dir='ltr'>iudicio</span> <span class='ocrx_word' id='word_1_89' title='bbox 613 1739 642 1817; x_wconf 88' lang='lat' dir='ltr'>si</span> <span class='ocrx_word' id='word_1_90' title='bbox 668 1761 822 1818; x_wconf 88' lang='lat' dir='ltr'>nonest</span> <span class='ocrx_word' id='word_1_91' title='bbox 839 1741 1017 1848; x_wconf 82' lang='lat' dir='ltr'>perfecte</span> <span class='ocrx_word' id='word_1_92' title='bbox 1027 1737 1096 1816; x_wconf 88' lang='lat' dir='ltr'>ET</span> <span class='ocrx_word' id='word_1_93' title='bbox 1113 1758 1273 1844; x_wconf 91' lang='lat' dir='ltr'>propter</span> <span class='ocrx_word' id='word_1_94' title='bbox 1298 1737 1503 1818; x_wconf 87' lang='lat' dir='ltr'>inscitiam</span> 
     </span>
     <span class='ocr_line' id='line_1_14' title="bbox 335 1851 1501 1958; baseline -0.002 -26"><span class='ocrx_word' id='word_1_95' title='bbox 335 1852 621 1950; x_wconf 83' lang='lat' dir='ltr'>marmorarii,</span> <span class='ocrx_word' id='word_1_96' title='bbox 648 1851 783 1932; x_wconf 85' lang='lat' dir='ltr'>debuit</span> <span class='ocrx_word' id='word_1_97' title='bbox 801 1874 935 1932; x_wconf 87' lang='lat' dir='ltr'>tamen</span> <span class='ocrx_word' id='word_1_98' title='bbox 956 1878 1036 1932; x_wconf 89' lang='lat' dir='ltr'>esse</span> <span class='ocrx_word' id='word_1_99' title='bbox 1065 1859 1138 1946; x_wconf 67' lang='lat' dir='ltr'>CT</span> <span class='ocrx_word' id='word_1_100' title='bbox 1152 1907 1167 1948; x_wconf 89' lang='lat'><strong><em>,</em></strong></span> <span class='ocrx_word' id='word_1_101' title='bbox 1197 1871 1262 1932; x_wconf 89' lang='lat' dir='ltr'>aut</span> <span class='ocrx_word' id='word_1_102' title='bbox 1277 1852 1501 1958; x_wconf 80' lang='lat' dir='ltr'>quippiam,¹</span> 
     </span>
     <span class='ocr_line' id='line_1_15' title="bbox 334 1962 1499 2070; baseline 0.002 -32"><span class='ocrx_word' id='word_1_103' title='bbox 334 1962 490 2059; x_wconf 87' lang='lat' dir='ltr'>simile,</span> <span class='ocrx_word' id='word_1_104' title='bbox 520 1992 601 2069; x_wconf 89' lang='lat' dir='ltr'>quo</span> <span class='ocrx_word' id='word_1_105' title='bbox 616 1971 786 2044; x_wconf 83' lang='lat' dir='ltr'>clausula</span> <span class='ocrx_word' id='word_1_106' title='bbox 799 1971 1032 2070; x_wconf 88' lang='lat' dir='ltr'>subsequens</span> <span class='ocrx_word' id='word_1_107' title='bbox 1047 1968 1306 2066; x_wconf 85' lang='lat' dir='ltr'>coniungatur</span> <span class='ocrx_word' id='word_1_108' title='bbox 1325 1992 1416 2045; x_wconf 90' lang='lat' dir='ltr'>cum</span> <span class='ocrx_word' id='word_1_109' title='bbox 1434 1967 1499 2048; x_wconf 75' lang='lat' dir='ltr'>a&#39;n.</span> 
     </span>
     <span class='ocr_line' id='line_1_16' title="bbox 335 2075 1609 2186; baseline 0.005 -34"><span class='ocrx_word' id='word_1_110' title='bbox 335 2075 544 2156; x_wconf 76' lang='lat' dir='ltr'>recedenti.</span> <span class='ocrx_word' id='word_1_111' title='bbox 563 2079 617 2158; x_wconf 85' lang='lat' dir='ltr'>Ex</span> <span class='ocrx_word' id='word_1_112' title='bbox 637 2079 858 2160; x_wconf 85' lang='lat' dir='ltr'>Addltione</span> <span class='ocrx_word' id='word_1_113' title='bbox 875 2081 1185 2186; x_wconf 84' lang='lat' dir='ltr'>Inscriptionum</span> <span class='ocrx_word' id='word_1_114' title='bbox 1202 2082 1497 2180; x_wconf 84' lang='lat' dir='ltr'>Romanarum,</span> <span class='ocrx_word' id='word_1_115' title='bbox 1608 2081 1609 2100; x_wconf 60' lang='lat'>¹</span> 
     </span>
     <span class='ocr_line' id='line_1_17' title="bbox 334 2193 1497 2302; baseline 0.008 -35"><span class='ocrx_word' id='word_1_116' title='bbox 334 2215 433 2295; x_wconf 88' lang='lat' dir='ltr'>quae</span> <span class='ocrx_word' id='word_1_117' title='bbox 464 2194 656 2299; x_wconf 86' lang='lat' dir='ltr'>superiori</span> <span class='ocrx_word' id='word_1_118' title='bbox 691 2222 797 2274; x_wconf 89' lang='lat' dir='ltr'>anno</span> <span class='ocrx_word' id='word_1_119' title='bbox 819 2194 971 2302; x_wconf 90' lang='lat' dir='ltr'>prodiit</span> <span class='ocrx_word' id='word_1_120' title='bbox 992 2193 1203 2302; x_wconf 78' lang='lat' dir='ltr'>Cervariae</span> <span class='ocrx_word' id='word_1_121' title='bbox 1217 2249 1233 2290; x_wconf 84' lang='lat'><strong><em>,</em></strong></span> <span class='ocrx_word' id='word_1_122' title='bbox 1260 2199 1497 2276; x_wconf 85' lang='lat' dir='ltr'>cum-multa</span> 
     </span>
     <span class='ocr_line' id='line_1_18' title="bbox 335 2305 1497 2418; baseline 0.002 -36"><span class='ocrx_word' id='word_1_123' title='bbox 335 2305 435 2402; x_wconf 86' lang='lat' dir='ltr'>alia,</span> <span class='ocrx_word' id='word_1_124' title='bbox 455 2327 541 2386; x_wconf 91' lang='lat' dir='ltr'>tum</span> <span class='ocrx_word' id='word_1_125' title='bbox 556 2310 679 2388; x_wconf 87' lang='lat' dir='ltr'>etiam</span> <span class='ocrx_word' id='word_1_126' title='bbox 696 2305 1007 2418; x_wconf 82' lang='lat' dir='ltr'>explicationem</span> <span class='ocrx_word' id='word_1_127' title='bbox 1022 2313 1133 2388; x_wconf 86' lang='lat' dir='ltr'>huius</span> <span class='ocrx_word' id='word_1_128' title='bbox 1147 2308 1227 2386; x_wconf 90' lang='lat' dir='ltr'>loci</span> <span class='ocrx_word' id='word_1_129' title='bbox 1244 2309 1416 2388; x_wconf 88' lang='lat' dir='ltr'>tribuere</span> <span class='ocrx_word' id='word_1_130' title='bbox 1426 2307 1497 2388; x_wconf 71' lang='lat' dir='ltr'>ele.</span> 
     </span>
     <span class='ocr_line' id='line_1_19' title="bbox 334 2421 1498 2532; baseline 0.002 -33"><span class='ocrx_word' id='word_1_131' title='bbox 334 2424 401 2499; x_wconf 87' lang='lat' dir='ltr'>bes</span> <span class='ocrx_word' id='word_1_132' title='bbox 424 2421 661 2504; x_wconf 87' lang='lat' dir='ltr'>Finestresio</span> <span class='ocrx_word' id='word_1_133' title='bbox 673 2465 697 2520; x_wconf 32' lang='lat' dir='ltr'>,v</span> <span class='ocrx_word' id='word_1_134' title='bbox 716 2428 782 2530; x_wconf 90' lang='lat' dir='ltr'>qui</span> <span class='ocrx_word' id='word_1_135' title='bbox 811 2425 867 2504; x_wconf 88' lang='lat' dir='ltr'>ita</span> <span class='ocrx_word' id='word_1_136' title='bbox 886 2425 1162 2532; x_wconf 87' lang='lat' dir='ltr'>interpretatur</span> <span class='ocrx_word' id='word_1_137' title='bbox 1186 2421 1323 2502; x_wconf 85' lang='lat' dir='ltr'>LEGir</span> <span class='ocrx_word' id='word_1_138' title='bbox 1352 2421 1498 2520; x_wconf 72' lang='lat' dir='ltr'>Carent</span> 
     </span>
     <span class='ocr_line' id='line_1_20' title="bbox 335 2534 1496 2639; baseline 0.002 -25"><span class='ocrx_word' id='word_1_139' title='bbox 335 2534 517 2617; x_wconf 81' lang='lat' dir='ltr'>Concilio</span> <span class='ocrx_word' id='word_1_140' title='bbox 532 2595 547 2637; x_wconf 84' lang='lat'>‚</span> <span class='ocrx_word' id='word_1_141' title='bbox 580 2543 644 2620; x_wconf 93' lang='lat' dir='ltr'>vel</span> <span class='ocrx_word' id='word_1_142' title='bbox 668 2553 878 2620; x_wconf 80' lang='lat' dir='ltr'>&#39;Conventa</span> <span class='ocrx_word' id='word_1_143' title='bbox 907 2539 1109 2639; x_wconf 87' lang='lat' dir='ltr'>(iu&#39;ridico</span> <span class='ocrx_word' id='word_1_144' title='bbox 1127 2538 1280 2618; x_wconf 90' lang='lat' dir='ltr'>scilicet</span> <span class='ocrx_word' id='word_1_145' title='bbox 1298 2539 1496 2634; x_wconf 53' lang='lat' dir='ltr'>Tarracoff</span> 
     </span>
     <span class='ocr_line' id='line_1_21' title="bbox 331 2651 1497 2754; baseline 0 -24"><span class='ocrx_word' id='word_1_146' title='bbox 331 2654 443 2731; x_wconf 86' lang='lat' dir='ltr'>neusi</span> <span class='ocrx_word' id='word_1_147' title='bbox 459 2659 471 2754; x_wconf 89' lang='lat'>)</span> <span class='ocrx_word' id='word_1_148' title='bbox 490 2673 542 2736; x_wconf 85' lang='lat' dir='ltr'>Et</span> <span class='ocrx_word' id='word_1_149' title='bbox 558 2667 761 2734; x_wconf 76' lang='lat' dir='ltr'>Decretum</span> <span class='ocrx_word' id='word_1_150' title='bbox 786 2668 847 2732; x_wconf 80' lang='lat' dir='ltr'>Ex</span> <span class='ocrx_word' id='word_1_151' title='bbox 865 2665 899 2732; x_wconf 88' lang='lat' dir='ltr'><em>T</em></span> <span class='ocrx_word' id='word_1_152' title='bbox 901 2655 982 2732; x_wconf 34' lang='lat' dir='ltr'>ilia.</span> <span class='ocrx_word' id='word_1_153' title='bbox 995 2657 1208 2733; x_wconf 73' lang='lat' dir='ltr'>Recitavit.</span> <span class='ocrx_word' id='word_1_154' title='bbox 1237 2651 1383 2729; x_wconf 82' lang='lat' dir='ltr'>Situm</span> <span class='ocrx_word' id='word_1_155' title='bbox 1402 2653 1497 2749; x_wconf 60' lang='lat' dir='ltr'>Flo.</span> 
     </span>
     <span class='ocr_line' id='line_1_22' title="bbox 332 2763 1600 2868; baseline -0.001 -22"><span class='ocrx_word' id='word_1_156' title='bbox 332 2769 444 2846; x_wconf 89' lang='lat' dir='ltr'>tezio</span> <span class='ocrx_word' id='word_1_157' title='bbox 460 2770 766 2868; x_wconf 88' lang='lat' dir='ltr'>intelligisillud</span> <span class='ocrx_word' id='word_1_158' title='bbox 781 2768 882 2848; x_wconf 88' lang='lat' dir='ltr'>LEG</span> <span class='ocrx_word' id='word_1_159' title='bbox 895 2769 944 2846; x_wconf 92' lang='lat' dir='ltr'>de</span> <span class='ocrx_word' id='word_1_160' title='bbox 963 2770 1111 2868; x_wconf 89' lang='lat' dir='ltr'>Legato</span> <span class='ocrx_word' id='word_1_161' title='bbox 1120 2821 1135 2860; x_wconf 83' lang='lat'><strong><em>,</em></strong></span> <span class='ocrx_word' id='word_1_162' title='bbox 1154 2764 1219 2840; x_wconf 90' lang='lat' dir='ltr'>ubi</span> <span class='ocrx_word' id='word_1_163' title='bbox 1236 2763 1312 2838; x_wconf 91' lang='lat' dir='ltr'>erit</span> <span class='ocrx_word' id='word_1_164' title='bbox 1326 2771 1496 2864; x_wconf 86' lang='lat' dir='ltr'>verbum</span> <span class='ocrx_word' id='word_1_165' title='bbox 1596 2791 1600 2808; x_wconf 87' lang='lat'><em>·</em></span> 
     </span>
     <span class='ocr_line' id='line_1_23' title="bbox 332 2875 1497 2986; baseline 0.003 -28"><span class='ocrx_word' id='word_1_166' title='bbox 332 2880 522 2978; x_wconf 72' lang='lat' dir='ltr'>LlGlT,</span> <span class='ocrx_word' id='word_1_167' title='bbox 550 2905 613 2960; x_wconf 90' lang='lat' dir='ltr'>aut</span> <span class='ocrx_word' id='word_1_168' title='bbox 631 2905 725 2960; x_wconf 87' lang='lat' dir='ltr'>nota</span> <span class='ocrx_word' id='word_1_169' title='bbox 743 2880 1041 2986; x_wconf 88' lang='lat' dir='ltr'>compendiaria</span> <span class='ocrx_word' id='word_1_170' title='bbox 1060 2935 1073 2976; x_wconf 87' lang='lat'><em>,</em></span> <span class='ocrx_word' id='word_1_171' title='bbox 1105 2903 1203 2984; x_wconf 90' lang='lat' dir='ltr'>quae</span> <span class='ocrx_word' id='word_1_172' title='bbox 1224 2875 1326 2956; x_wconf 91' lang='lat' dir='ltr'>illud</span> <span class='ocrx_word' id='word_1_173' title='bbox 1345 2877 1497 2979; x_wconf 67' lang='lat' dir='ltr'>signifi.</span> 
     </span>
     <span class='ocr_line' id='line_1_24' title="bbox 332 2991 1495 3098; baseline -0.001 -25"><span class='ocrx_word' id='word_1_174' title='bbox 332 3017 394 3073; x_wconf 89' lang='lat' dir='ltr'>cet</span> <span class='ocrx_word' id='word_1_175' title='bbox 414 2999 427 3072; x_wconf 73' lang='grc' dir='ltr'>ἓ</span> <span class='ocrx_word' id='word_1_176' title='bbox 445 2997 820 3094; x_wconf 76' lang='lat' dir='ltr'>Quo‘teferendum</span> <span class='ocrx_word' id='word_1_177' title='bbox 835 2991 913 3070; x_wconf 76' lang='lat' dir='ltr'>erit</span> <span class='ocrx_word' id='word_1_178' title='bbox 926 3049 940 3088; x_wconf 86' lang='lat'>,</span> <span class='ocrx_word' id='word_1_179' title='bbox 970 2993 1107 3072; x_wconf 88' lang='lat' dir='ltr'>aut&#39;ex</span> <span class='ocrx_word' id='word_1_180' title='bbox 1135 3019 1216 3098; x_wconf 90' lang='lat' dir='ltr'>quo</span> <span class='ocrx_word' id='word_1_181' title='bbox 1244 2996 1344 3073; x_wconf 92' lang='lat' dir='ltr'>loco·</span> <span class='ocrx_word' id='word_1_182' title='bbox 1369 2993 1495 3090; x_wconf 30' lang='lat' dir='ltr'>inter·-</span> 
     </span>
     <span class='ocr_line' id='line_1_25' title="bbox 219 3104 1495 3217; baseline 0.002 -33"><span class='ocrx_word' id='word_1_183' title='bbox 219 3195 221 3199; x_wconf 47' lang='grc'><strong>,</strong></span> <span class='ocrx_word' id='word_1_184' title='bbox 330 3131 505 3217; x_wconf 87' lang='lat' dir='ltr'>pretatur</span> <span class='ocrx_word' id='word_1_185' title='bbox 521 3111 718 3189; x_wconf 86' lang='lat' dir='ltr'>Florezius</span> <span class='ocrx_word' id='word_1_186' title='bbox 732 3104 825 3189; x_wconf 84' lang='lat' dir='ltr'>Leic&#39;</span> <span class='ocrx_word' id='word_1_187' title='bbox 842 3112 854 3186; x_wconf 70' lang='grc' dir='ltr'><em>ἒ</em></span> <span class='ocrx_word' id='word_1_188' title='bbox 874 3107 1106 3202; x_wconf 87' lang='lat' dir='ltr'>Praeterea,</span> <span class='ocrx_word' id='word_1_189' title='bbox 1140 3109 1218 3186; x_wconf 84' lang='lat' dir='ltr'>nisi</span> <span class='ocrx_word' id='word_1_190' title='bbox 1231 3127 1265 3189; x_wconf 71' lang='lat' dir='ltr'>ac</span> <span class='ocrx_word' id='word_1_191' title='bbox 1293 3107 1394 3188; x_wconf 88' lang='lat' dir='ltr'>LEG</span> <span class='ocrx_word' id='word_1_192' title='bbox 1409 3135 1495 3196; x_wconf 65' lang='lat' dir='ltr'>ven.¹</span> 
     </span>
     <span class='ocr_line' id='line_1_26' title="bbox 334 3223 1495 3332; baseline -0.009 -28"><span class='ocrx_word' id='word_1_193' title='bbox 334 3248 396 3304; x_wconf 86' lang='lat' dir='ltr'>sus</span> <span class='ocrx_word' id='word_1_194' title='bbox 429 3223 660 3306; x_wconf 87' lang='lat' dir='ltr'>duodecimi</span> <span class='ocrx_word' id='word_1_195' title='bbox 689 3224 992 3332; x_wconf 89' lang='lat' dir='ltr'>interpretemur</span> <span class='ocrx_word' id='word_1_196' title='bbox 1023 3227 1164 3332; x_wconf 86' lang='lat' dir='ltr'>Legit,</span> <span class='ocrx_word' id='word_1_197' title='bbox 1196 3247 1237 3302; x_wconf 90' lang='lat' dir='ltr'>ut</span> <span class='ocrx_word' id='word_1_198' title='bbox 1271 3244 1378 3320; x_wconf 86' lang='lat' dir='ltr'>regat</span> <span class='ocrx_word' id='word_1_199' title='bbox 1405 3247 1495 3300; x_wconf 73' lang='lat' dir='ltr'>sen..</span> 
     </span>
     <span class='ocr_line' id='line_1_27' title="bbox 332 3338 1493 3447; baseline -0.003 -25"><span class='ocrx_word' id='word_1_200' title='bbox 332 3342 531 3438; x_wconf 86' lang='lat' dir='ltr'>tentiam,</span> <span class='ocrx_word' id='word_1_201' title='bbox 562 3367 681 3447; x_wconf 88' lang='lat' dir='ltr'>quarn</span> <span class='ocrx_word' id='word_1_202' title='bbox 707 3341 797 3418; x_wconf 91' lang='lat' dir='ltr'>tulit</span> <span class='ocrx_word' id='word_1_203' title='bbox 826 3341 869 3420; x_wconf 87' lang='lat' dir='ltr'>L.</span> <span class='ocrx_word' id='word_1_204' title='bbox 888 3340 1045 3418; x_wconf 88' lang='lat' dir='ltr'>Novius</span> <span class='ocrx_word' id='word_1_205' title='bbox 1070 3339 1195 3422; x_wconf 74' lang='lat' dir='ltr'>Rufus</span> <span class='ocrx_word' id='word_1_206' title='bbox 1225 3340 1391 3434; x_wconf 84' lang='lat' dir='ltr'>Legatus</span> <span class='ocrx_word' id='word_1_207' title='bbox 1412 3338 1493 3419; x_wconf 59' lang='lat' dir='ltr'>Aua</span> 
     </span>
     <span class='ocr_line' id='line_1_28' title="bbox 329 3451 1493 3556; baseline 0.002 -26"><span class='ocrx_word' id='word_1_208' title='bbox 329 3459 430 3556; x_wconf 86' lang='lat' dir='ltr'>gusti</span> <span class='ocrx_word' id='word_1_209' title='bbox 448 3458 524 3554; x_wconf 82' lang='lat' dir='ltr'>Pto</span> <span class='ocrx_word' id='word_1_210' title='bbox 538 3457 722 3534; x_wconf 85' lang='lat' dir='ltr'>Praetore</span> <span class='ocrx_word' id='word_1_211' title='bbox 737 3511 750 3551; x_wconf 83' lang='lat'><strong>,</strong></span> <span class='ocrx_word' id='word_1_212' title='bbox 782 3459 938 3532; x_wconf 88' lang='lat' dir='ltr'>nullum</span> <span class='ocrx_word' id='word_1_213' title='bbox 965 3457 1080 3531; x_wconf 81' lang='lat' dir='ltr'>habet</span> <span class='ocrx_word' id='word_1_214' title='bbox 1112 3451 1381 3530; x_wconf 91' lang='lat' dir='ltr'>commodum</span> <span class='ocrx_word' id='word_1_215' title='bbox 1408 3476 1493 3532; x_wconf 88' lang='lat' dir='ltr'>sen·</span> 
     </span>
     <span class='ocr_line' id='line_1_29' title="bbox 331 3564 1493 3673; baseline -0.007 -23"><span class='ocrx_word' id='word_1_216' title='bbox 331 3597 419 3650; x_wconf 86' lang='lat' dir='ltr'>sum</span> <span class='ocrx_word' id='word_1_217' title='bbox 447 3572 515 3648; x_wconf 85' lang='lat' dir='ltr'>illa</span> <span class='ocrx_word' id='word_1_218' title='bbox 543 3573 723 3647; x_wconf 89' lang='lat' dir='ltr'>clausula.</span> <span class='ocrx_word' id='word_1_219' title='bbox 757 3572 891 3668; x_wconf 91' lang='lat' dir='ltr'>Quare</span> <span class='ocrx_word' id='word_1_220' title='bbox 921 3567 1022 3646; x_wconf 89' lang='lat' dir='ltr'>illud</span> <span class='ocrx_word' id='word_1_221' title='bbox 1041 3567 1141 3645; x_wconf 86' lang='lat' dir='ltr'>LEG</span> <span class='ocrx_word' id='word_1_222' title='bbox 1175 3567 1343 3644; x_wconf 89' lang='lat' dir='ltr'>min-ime</span> <span class='ocrx_word' id='word_1_223' title='bbox 1373 3564 1493 3673; x_wconf 59' lang='lat' dir='ltr'>perti*</span> 
     </span>
     <span class='ocr_line' id='line_1_30' title="bbox 330 3677 1500 3802; baseline -0.009 -34"><span class='ocrx_word' id='word_1_224' title='bbox 330 3712 425 3768; x_wconf 89' lang='lat' dir='ltr'>uere</span> <span class='ocrx_word' id='word_1_225' title='bbox 453 3703 591 3794; x_wconf 88' lang='lat' dir='ltr'>potest·</span> <span class='ocrx_word' id='word_1_226' title='bbox 615 3682 665 3762; x_wconf 88' lang='lat' dir='ltr'>ad</span> <span class='ocrx_word' id='word_1_227' title='bbox 690 3685 910 3785; x_wconf 84' lang='lat' dir='ltr'>Legatum,</span> <span class='ocrx_word' id='word_1_228' title='bbox 943 3705 986 3762; x_wconf 83' lang='lat' dir='ltr'>ut</span> <span class='ocrx_word' id='word_1_229' title='bbox 1004 3679 1351 3762; x_wconf 84' lang='lat' dir='ltr'>vueristoticus:</span> <span class='ocrx_word' id='word_1_230' title='bbox 1375 3680 1442 3786; x_wconf 92' lang='lat' dir='ltr'>qui</span> <span class='ocrx_word' id='word_1_231' title='bbox 1461 3677 1500 3802; x_wconf 46' lang='grc' dir='ltr'>εἰὮ</span> 
     </span>
    </p>
   </div>
   <div class='ocr_carea' id='block_1_3' title="bbox 1366 3781 1609 3902">
    <p class='ocr_par' dir='ltr' id='par_1_3' title="bbox 1366 3781 1609 3902">
     <span class='ocr_line' id='line_1_31' title="bbox 1366 3781 1609 3902; baseline -0.012 0"><span class='ocrx_word' id='word_1_232' title='bbox 1366 3820 1439 3902; x_wconf 77' lang='grc' dir='ltr'>Ρο”</span> <span class='ocrx_word' id='word_1_233' title='bbox 1466 3860 1490 3892; x_wconf 80' lang='lat'>.-;</span> <span class='ocrx_word' id='word_1_234' title='bbox 1591 3781 1609 3886; x_wconf 28' lang='lat' dir='ltr'>-b</span> 
     </span>
    </p>
   </div>
   <div class='ocr_carea' id='block_1_4' title="bbox 0 0 1626 4710">
    <p class='ocr_par' dir='ltr' id='par_1_4' title="bbox 0 0 1626 4710">
     <span class='ocr_line' id='line_1_32' title="bbox 0 0 1626 4710; baseline 0 1"><span class='ocrx_word' id='word_1_235' title='bbox 0 0 1626 4710; x_wconf 95' lang='lat' dir='ltr'> </span> 
     </span>
    </p>
   </div>
  </div>
 </body>
</html>
