3240 4688
297 281 394 384 134
465 298 794 372 FINESTRESIVS
827 301 1003 371 vttrmc.
1026 305 1055 370 A
1082 301 1300 374 cunrat.

284 426 346 505 sio
362 426 535 508 involvit
549 427 760 510 Florezius.
779 426 853 508 Sed
876 455 1017 537 operae
1032 430 1204 539 pretium
1219 430 1295 509 erit
1314 445 1456 522 osten·¹

281 539 406 640 dere,
441 547 604 646 longam
621 539 954 652 explicationem,
984 571 1103 651 quam
1120 567 1326 652 tamquam
1352 569 1459 652 pto--

278 658 409 765 priam
443 657 621 738 venditat
647 659 872 740 Historicus
887 713 902 756 ,
934 679 1062 740 totam
1094 685 1174 740 esse
1204 659 1457 750 Ceruariem

277 770 329 849 sis
344 773 578 853 Academici
593 830 608 872 ,
624 774 691 880 qui
707 774 748 852 in
762 775 863 852 Clas.
879 787 985 851 1111.
1002 803 1104 853 num.
1127 802 1188 864 13·
1206 776 1283 854 ait:
1300 829 1333 870 „
1351 772 1449 860 Gra·

269 887 496 984 „tissimus
524 887 679 969 videtur
707 889 823 968 fuisse
844 890 887 968 L.
909 888 1086 970 Licinius
1113 890 1311 970 Secundus
1340 889 1453 975 civ-ie·
1484 879 1487 883 ¹

275 1054 310 1100 ,‚
330 1007 398 1082 bus
428 1003 781 1084 Barcinonensibus
798 1057 813 1099 ,
847 1004 990 1112 quippe
1022 1005 1083 1082 cui
1117 1027 1266 1111 septem
1298 1008 1458 1090 saltem.

274 1167 307 1215 „
327 1116 604 1224 inscriptiones
635 1115 865 1198 dedicarunt
891 1169 920 1215 ,·
940 1143 1109 1224 quarum
1144 1118 1305 1197 initiunt
1323 1173 1325 1180 ,
1340 1143 1464 1225 pene-2

275 1284 309 1330 „
330 1232 368 1310 in
395 1234 582 1312 omnibus
609 1229 717 1312 idem
735 1253 822 1330 est,
850 1231 919 1310 sed
937 1237 1042 1323 male
1061 1235 1311 1318 intellectum
1328 1259 1349 1310 a
1368 1259 1457 1320 nom,

274 1371 308 1444 ,5
326 1339 415 1432 stris
430 1347 666 1445 Puiadesio‚
697 1369 736 1426 et
763 1348 869 1426 Feliu
885 1403 901 1444 ,
928 1349 1261 1428 confundentibus
1280 1348 1321 1426 L.
1338 1348 1446 1430 Lici.-

274 1495 308 1561 ,·‚
327 1461 439 1542 nium
458 1460 679 1542 Secundum
697 1463 885 1550 libertum
913 1487 1003 1542 cum
1032 1485 1204 1570 patrono
1230 1485 1302 1542 suo
1317 1464 1358 1542 L.
1379 1463 1444 1541 Li·
1462 1521 1469 1528 -

272 1609 307 1675 ‚',
326 1577 435 1656 cinio
450 1577 554 1654 Sura.
569 1573 745 1654 Breviter
763 1577 843 1653 eius
859 1601 1013 1654 sensum
1031 1575 1257 1684 expediant:
1272 1579 1316 1656 L.
1336 1577 1442 1660 licia

274 1746 308 1792 „
326 1716 412 1768 ntus
426 1691 645 1769 ubertusL
661 1690 804 1770 Licinii
824 1692 972 1788 Surae,
1002 1717 1109 1771 cutus
1123 1717 1283 1772 nomen
1288 1717 1333 1770 ex
1348 1715 1445 1772 mo
1423 1733 1468 1776 ,-

274 1859 308 1906 ‚‚
300 1827 380 1883 re·
386 1804 579 1886 Romano
607 1831 698 1886 cum
728 1808 910 1884 libertate
939 1801 1185 1915 adsumpsit,
1215 1806 1347 1885 eidem
1373 1831 1445 1913 pa
1485 1901 1490 1906 g

275 1951 309 2020 ,·‚
328 1942 449 1996 trono
480 1919 679 1998 Ascensus
711 1921 786 1995 fuit
814 1920 981 2026 primo,
1013 1919 1215 2019 secundo,
1246 1943 1286 2000 et
1319 1921 1442 2003 terrio

275 2087 308 2133 ,‚
327 2031 572 2111 Consulatu.
564 2051 658 2110 ·tot
680 2033 789 2111 enim
823 2035 981 2114 Romae
1002 2034 1250 2115 Consulatus
1280 2035 1441 2139 gessisse

272 2167 307 2248 ‚‘‚
326 2149 463 2227 Suram
596 2168 749 2226 constat
771 2175 816 2226 ex
835 2149 966 2236 Fastis.
993 2149 1100 2230 Nam
1135 2149 1443 2259 primumCon·

274 2266 495 2362 „sulatum
527 2262 702 2342 obtinuit
720 2289 807 2342 ann.
826 2261 975 2342 Christ.
998 2291 1089 2344 toz.
1109 2324 1118 2346 .
1225 2265 1441 2348 secundum

274 2407 307 2478 ,·‚
323 2377 441 2479 gessit
471 2400 558 2456 ann.
587 2403 678 2472 104.
699 2425 792 2455 ....v
809 2379 971 2456 tertium
989 2401 1010 2458 ·.
1025 2433 1061 2466 ..
1084 2373 1173 2465 ann.
1190 2403 1274 2476 ro7
1297 2429 1389 2460 .....
1402 2425 1438 2459 ..

273 2507 309 2594 ‚j
326 2493 525 2574 Revertor
539 2489 590 2590 ad
606 2491 720 2599 ipsius
732 2495 920 2572 libertum
930 2493 973 2572 L.
986 2494 1185 2574 Licinium
1200 2497 1447 2592 Secundum,

273 2607 390 2714 „qui
414 2605 561 2686 dicitur
586 2605 762 2687 eiusdem
789 2609 905 2688 Surae
938 2609 980 2690 in
1007 2611 1129 2690 tribus
1157 2608 1439 2690 Consulatibus

274 2775 307 2821 ‚‚
325 2723 534 2806 Ascensus.
565 2721 713 2822 Munus
733 2722 835 2802 istud
853 2725 1032 2802 solebant
1051 2725 1302 2823 Magistratus
1321 2723 1441 2799 liber-

272 2889 307 2936 „
326 2837 375 2915 tis
389 2838 464 2916 suis
481 2835 634 2917 deferre
649 2889 666 2933 ,
698 2837 754 2912 uri
774 2837 980 2938 colligitur
993 2863 1039 2914 ex
1053 2833 1184 2914 Cicer.
1200 2833 1248 2913 ad
1263 2835 1454 2936 Q.an

273 3002 306 3049 ‚,
323 2948 391 3036 lib.
411 2978 443 3030 t.
469 2956 589 3062 Epist.
610 2975 642 3026 t.
664 2960 856 3026 Accensur
868 3005 885 3046 ,
918 2948 1076 3056 inquit,
1109 2953 1166 3028 sir
1197 2979 1237 3030 eo
1267 2979 1495 3048 numeror<

271 3118 304 3166 „
323 3094 396 3178 quo
410 3094 493 3144 eum
510 3069 672 3143 maiores
684 3069 810 3142 nostri
826 3065 1122 3166 essepuluerunt
1140 3097 1148 3146 ε
1168 3069 1237 3176 qai
1266 3062 1335 3144 hnc
1360 3089 1470 3144 nott..

270 3234 303 3279 „
322 3177 489 3292 beneficii
501 3181 611 3276 loco,-
636 3176 706 3255 sed
717 3181 759 3256 in
780 3175 999 3264 liberisue·
1022 3185 1191 3259 muneris
1208 3209 1284 3261 nott
1299 3203 1453 3259 temere.

271 3303 305 3398 ‚,'
323 3302 398 3400 (x)
415 3301 497 3376 suis
511 3292 663 3375 libertis
678 3290 899 3396 desistebant
920 3347 1006 3375 ....
1028 3295 1134 3374 Hinc
1150 3295 1265 3376 facile
1284 3293 1448 3373 intelli..
1470 3349 1474 3358 ·
1492 3349 1494 3355 -

272 3424 459 3514 „gemus
472 3469 487 3510 ,
518 3407 718 3492 Licinium
741 3407 964 3490 Secundum
987 3409 1211 3489 Aoceusurn
1244 3407 1450 3488 Consulis.

271 3561 306 3623 ‚3
323 3529 492 3635 patroni·
507 3528 666 3605 suinon
686 3525 1008 3604 clientemfuisse
1024 3579 1040 3621 ‚
1069 3523 1138 3603 sed
1154 3543 1292 3604 verum
1316 3525 1473 3604 libet-a«

271 3683 305 3740 ·,‚
322 3661 423 3722 runt.
455 3644 595 3743 Quum
627 3636 868 3750 procederet
889 3637 1080 3741 Consul,
1112 3640 1262 3721 aliusve·
1288 3638 1450 3742 Magis-r

1299 3776 1395 3834 tra»

310 4015 385 4106 (xl'
395 4023 615 4110 ‘castigatiores
630 4020 769 4084 editiones
785 4021 890 4084 habeut
907 4022 960 4083 riri
977 4022 1084 4083 libertis
1098 4023 1164 4082 suin
