3240 4688
313 363 318 372 ¹·
388 359 1041 436 votum.xx111·t.tttsu.sncu.
1236 332 1303 448 67

143 477 595 589 3,QVAEST0R1'11.
617 487 760 568 VIRO
790 487 994 589 QleQ.
1016 489 1029 568 i
1048 485 1300 596 supuniendo

141 657 177 705 „
194 603 386 682 Finesttes
403 603 671 684 Duumviratu
689 606 830 684 annual
837 655 860 698 ,,
867 619 896 707 y
909 606 1148 710 quinquenal
1152 659 1227 682 ......
1242 630 1299 684 no

141 771 176 818 ‚,
194 717 258 796 hai
270 717 431 796 motivo
440 743 533 826 pata
547 717 742 797 excluirla
751 717 924 826 primera
934 719 989 817 Q.
999 718 1214 798 denuestra
1225 719 1303 798 ins·

142 885 176 932 „
192 831 372 938 cripcion
381 885 396 928 ,
410 857 502 938 pues
516 833 621 912 tiene
635 830 794 914 sentido
803 831 990 930 legitimo
1004 857 1055 911 en
1065 835 1102 911 el
1115 859 1234 934 cargo
1247 832 1297 912 de

141 999 177 1046 ‚‚
194 946 384 1048 Questor.
401 953 433 997 “
451 945 612 1034 Crebris
636 944 865 1050 admonitus
883 971 910 1024 a
931 947 1167 1026 Finestresio
1192 949 1297 1027 litte·
1325 979 1328 985 ·

141 1059 214 1158 ris,
228 1081 270 1140 ut
284 1086 375 1142 cum
392 1059 478 1168 ipso
491 1050 737 1144 severi-ssime
751 1085 883 1160 agam,
895 1087 992 1141 neve
1007 1059 1103 1167 quid
1117 1059 1300 1142 dissimu-

141 1176 257 1274 lem,
285 1197 350 1256 aut
372 1181 518 1257 ullast
540 1195 649 1286 parte
672 1199 794 1254 coner
814 1175 1054 1254 imminuere
1072 1179 1226 1284 lapsus,
1253 1177 1297 1260 in

140 1305 243 1394 quos
265 1294 347 1370 non
368 1312 531 1398 possunt
547 1287 734 1372 homines
754 1315 838 1368 non
862 1288 1077 1394 aliquando
1099 1289 1298 1388 incidere;

140 1426 210 1483 me
235 1403 498 1486 libentissime
523 1401 693 1492 nuncin
718 1424 841 1484 castra
862 1403 1033 1496 Florezii
1051 1405 1302 1492 ,coniiciams

140 1519 284 1628 in'quo
302 1521 387 1602 scio
406 1545 470 1600 me
489 1545 576 1600 tem
593 1521 791 1600 facturum
811 1543 1064 1626 summopere
1084 1541 1238 1622 gratam
1255 1537 1297 1598 et

138 1634 356 1716 iucundam
373 1635 608 1716 Finettresio
622 1689 638 1731 ‚
664 1631 732 1739 qui
749 1633 906 1714 veritati
929 1634 1083 1731 magis,
1096 1659 1230 1742 -quam
1248 1633 1298 1725 si,-

141 1749 185 1828 bi
208 1749 452 1858 ipsiamitus
473 1770 543 1830 est.
570 1747 713 1829 Verius
729 1747 885 1853 itaque,
909 1767 974 1828 aut
997 1753 1139 1828 saltem
1159 1748 1297 1856 proxi·

138 1863 246 1942 mius
276 1888 374 1944 veto
401 1891 481 1952 esse
506 1862 689 1960 videtur,
716 1861 828 1968 quod
853 1861 1077 1942 Historicus
1104 1863 1159 1942 ait
1172 1917 1187 1960 ,
1212 1885 1298 1942 non·

139 2001 230 2060 esse·
244 1979 544 2088 expungendam
569 1979 746 2059 litteram
763 1978 817 2074 Q.
831 2032 847 2074 ,
862 1975 1201 2084 ¹designatumque
1222 2001 1298 2078 no·-

138 2093 199 2172 bis
218 2093 260 2172 in
277 2119 322 2172 ea
337 2093 453 2170 fuisse
467 2096 735 2190 Quaestorem
752 2092 942 2195 aliquem,
958 2095 1020 2168 tui
1038 2093 1210 2193 dignitas
1225 2089 1297 2192 huj·

137 2207 200 2282 ius
219 2203 394 2282 muneris
409 2205 622 2304 gradus-ad·-
632 2203 943 2282 Duumviratuna
961 2205 1098 2282 fuerit:
1118 2205 1300 2311 quamvis

12 2339 13 2348 ‘
135 2317 287 2398 durum
303 2317 440 2426 primo
455 2338 611 2426 aspectu
625 2315 821 2414 videatur,
835 2337 918 2400 tam
933 2318 1085 2400 illustre
1100 2321 1297 2422 Quaestus,

136 2435 196 2520 tis
220 2453 364 2516 munus
390 2431 845 2522 inferius-Duumviratu
869 2457 1038 2543 ponere.
1135 2525 1136 2528 a
1221 2519 1224 2524 ,
1277 2517 1283 2547 ί

137 2655 1307 2808 srrssrrsmsrrnnrams

75 2829 84 2873 ¹
371 2878 500 2982 neap.
518 2855 677 2942 Xtrrt.
697 2841 845 2940 volum.
863 2856 1068 2990 xxrttt.

590 2983 707 3116 Hisp.
739 2995 855 3101 Satn·

230 3227 583 3314 Raetermittentes
610 3252 799 3332 magnam
829 3254 983 3340 partem
1012 3259 1095 3344 cap.
1111 3244 1206 3310 XII.
1219 3286 1234 3330 ,
1260 3229 1301 3312 ἀ

261 3368 394 3424 totum
409 3357 622 3457 caprilis.
645 3343 686 3424 in
703 3347 848 3449 quibus
860 3351 988 3428 multa
1005 3345 1179 3424 cumulat
1196 3345 1301 3435 Scri?

143 3479 238 3564 ptos
256 3459 466 3568 Hispaniae
483 3461 619 3538 Sacrae
641 3455 690 3536 de
707 3457 898 3539 Coloniis
907 3513 924 3556 ,
944 3457 992 3535 de
1008 3456 1301 3558 Conventibus,

144 3595 191 3648 ex
209 3574 348 3676 quibus
366 3574 503 3656 nescio
513 3629 529 3672 ,
548 3597 597 3655 an
615 3577 786 3666 multam
799 3573 854 3668 ,sit
868 3595 1070 3681 acceptura
1089 3579 1220 3652 lucem
1235 3574 1302 3654 Et·

145 3687 360 3768 clesiastita
380 3689 561 3768 Historia
575 3713 874 3796 31ptoperemus
890 3689 940 3788 ad
961 3701 1230 3798 cppnxllll„
1258 3688 1301 3766 in

146 3827 228 3906 quo
243 3805 369 3881 multa
384 3826 470 3882 sunt
484 3806 682 3911 profectu,
697 3827 796 3908 quae
810 3803 895 3904 iure
910 3806 1071 3910 optimo
1088 3802 1160 3882 sibi
1176 3799 1303 3878 vindi·

146 3937 209 4004 aet
222 3917 490 4000 Finesttesius.
508 3917 556 4000 ln
568 3947 671 4000 aum.
687 3941 722 4008 3.
735 3918 913 4000 exhibita
925 3921 998 3999 hac
1012 3916 1270 4110 inscriptipne

782 4033 836 4115 Ia
1235 4085 1246 4109 .

206 4080 368 4150 «gip
