<?xml version="1.0" encoding="UTF-8"?>
<!DOCTYPE html PUBLIC "-//W3C//DTD XHTML 1.0 Transitional//EN"
    "http://www.w3.org/TR/xhtml1/DTD/xhtml1-transitional.dtd">
<html xmlns="http://www.w3.org/1999/xhtml" xml:lang="en" lang="en">
 <head>
  <title>
</title>
<meta http-equiv="Content-Type" content="text/html;charset=utf-8" />
  <meta name='ocr-system' content='tesseract 3.04.00' />
  <meta name='ocr-capabilities' content='ocr_page ocr_carea ocr_par ocr_line ocrx_word'/>
</head>
<body>
  <div class='ocr_page' id='page_1' title='image "./finestresivsvin00bassgoog/finestresivsvin00bassgoog_0222.png"; bbox 0 0 3244 4710; ppageno 0'>
   <div class='ocr_carea' id='block_1_1' title="bbox 386 309 1303 400">
    <p class='ocr_par' dir='ltr' id='par_1_1' title="bbox 386 309 1303 400">
     <span class='ocr_line' id='line_1_1' title="bbox 386 309 1303 400; baseline -0.022 -8"><span class='ocrx_word' id='word_1_1' title='bbox 386 321 565 391; x_wconf 77' lang='lat' dir='ltr'>vonum.</span> <span class='ocrx_word' id='word_1_2' title='bbox 600 317 744 383; x_wconf 85' lang='lat' dir='ltr'>xxuu.</span> <span class='ocrx_word' id='word_1_3' title='bbox 772 317 884 386; x_wconf 78' lang='lat' dir='ltr'>nasu.</span> <span class='ocrx_word' id='word_1_4' title='bbox 918 321 1047 387; x_wconf 77' lang='lat' dir='ltr'>sucu.</span> <span class='ocrx_word' id='word_1_5' title='bbox 1213 309 1303 400; x_wconf 87' lang='lat'>195</span> 
     </span>
    </p>
   </div>
   <div class='ocr_carea' id='block_1_2' title="bbox 142 445 1419 3076">
    <p class='ocr_par' dir='ltr' id='par_1_2' title="bbox 142 445 1309 2036">
     <span class='ocr_line' id='line_1_2' title="bbox 143 445 1308 552; baseline -0.001 -23"><span class='ocrx_word' id='word_1_6' title='bbox 143 505 175 548; x_wconf 89' lang='lat'>„</span> <span class='ocrx_word' id='word_1_7' title='bbox 194 449 316 547; x_wconf 85' lang='lat' dir='ltr'>fecit,</span> <span class='ocrx_word' id='word_1_8' title='bbox 344 467 525 552; x_wconf 86' lang='lat' dir='ltr'>sequutus</span> <span class='ocrx_word' id='word_1_9' title='bbox 556 447 806 524; x_wconf 86' lang='lat' dir='ltr'>voluntatem</span> <span class='ocrx_word' id='word_1_10' title='bbox 838 445 1045 523; x_wconf 84' lang='lat' dir='ltr'>Domitiae</span> <span class='ocrx_word' id='word_1_11' title='bbox 1072 446 1308 528; x_wconf 82' lang='lat' dir='ltr'>Fortunatae</span> 
     </span>
     <span class='ocr_line' id='line_1_3' title="bbox 142 559 1302 662; baseline -0.002 -20"><span class='ocrx_word' id='word_1_12' title='bbox 142 617 174 662; x_wconf 67' lang='lat'>2,</span> <span class='ocrx_word' id='word_1_13' title='bbox 195 564 372 642; x_wconf 90' lang='lat' dir='ltr'>eiusdem</span> <span class='ocrx_word' id='word_1_14' title='bbox 389 559 517 642; x_wconf 86' lang='lat' dir='ltr'>Fructi</span> <span class='ocrx_word' id='word_1_15' title='bbox 536 560 686 641; x_wconf 87' lang='lat' dir='ltr'>marris.</span> <span class='ocrx_word' id='word_1_16' title='bbox 716 559 827 640; x_wconf 89' lang='lat' dir='ltr'>Haec</span> <span class='ocrx_word' id='word_1_17' title='bbox 846 561 1163 640; x_wconf 86' lang='lat' dir='ltr'>manifestissima</span> <span class='ocrx_word' id='word_1_18' title='bbox 1189 585 1302 644; x_wconf 80' lang='lat' dir='ltr'>sunt:</span> 
     </span>
     <span class='ocr_line' id='line_1_4' title="bbox 144 674 1308 786; baseline 0.001 -29"><span class='ocrx_word' id='word_1_19' title='bbox 144 705 321 784; x_wconf 83' lang='lat' dir='ltr'>„neque</span> <span class='ocrx_word' id='word_1_20' title='bbox 349 674 501 781; x_wconf 86' lang='lat' dir='ltr'>aliquid</span> <span class='ocrx_word' id='word_1_21' title='bbox 533 677 733 786; x_wconf 80' lang='lat' dir='ltr'>hocloco</span> <span class='ocrx_word' id='word_1_22' title='bbox 760 674 1009 754; x_wconf 89' lang='lat' dir='ltr'>adnotassem</span> <span class='ocrx_word' id='word_1_23' title='bbox 1023 731 1083 784; x_wconf 73' lang='lat'><em>,</em></span> <span class='ocrx_word' id='word_1_24' title='bbox 1067 678 1141 754; x_wconf 90' lang='lat' dir='ltr'>nisi</span> <span class='ocrx_word' id='word_1_25' title='bbox 1164 676 1308 758; x_wconf 83' lang='lat' dir='ltr'>scirem</span> 
     </span>
     <span class='ocr_line' id='line_1_5' title="bbox 144 788 1310 897; baseline -0.001 -26"><span class='ocrx_word' id='word_1_26' title='bbox 144 847 176 890; x_wconf 86' lang='lat'>,‚</span> <span class='ocrx_word' id='word_1_27' title='bbox 194 792 360 871; x_wconf 89' lang='lat' dir='ltr'>Pseudo·</span> <span class='ocrx_word' id='word_1_28' title='bbox 365 791 559 870; x_wconf 87' lang='lat' dir='ltr'>Iulianum</span> <span class='ocrx_word' id='word_1_29' title='bbox 580 813 625 865; x_wconf 90' lang='lat' dir='ltr'>ex</span> <span class='ocrx_word' id='word_1_30' title='bbox 646 789 716 866; x_wconf 89' lang='lat' dir='ltr'>ista</span> <span class='ocrx_word' id='word_1_31' title='bbox 737 788 994 897; x_wconf 85' lang='lat' dir='ltr'>inscriptione</span> <span class='ocrx_word' id='word_1_32' title='bbox 1013 791 1227 889; x_wconf 85' lang='lat' dir='ltr'>effinxisse,</span> <span class='ocrx_word' id='word_1_33' title='bbox 1242 789 1310 870; x_wconf 90' lang='lat' dir='ltr'>Pa·</span> 
     </span>
     <span class='ocr_line' id='line_1_6' title="bbox 142 902 1306 1013; baseline 0.003 -30.05"><span class='ocrx_word' id='word_1_34' title='bbox 142 961 175 1004; x_wconf 88' lang='lat'><em>‚</em></span> <span class='ocrx_word' id='word_1_35' title='bbox 193 929 296 986; x_wconf 88' lang='lat' dir='ltr'>trem</span> <span class='ocrx_word' id='word_1_36' title='bbox 317 907 351 986; x_wconf 95' lang='grc'>3.</span> <span class='ocrx_word' id='word_1_37' title='bbox 362 904 490 984; x_wconf 88' lang='lat' dir='ltr'>Fructi</span> <span class='ocrx_word' id='word_1_38' title='bbox 506 902 732 982; x_wconf 64' lang='lat' dir='ltr'>*Toletani</span> <span class='ocrx_word' id='word_1_39' title='bbox 751 929 772 982; x_wconf 87' lang='lat' dir='ltr'>a</span> <span class='ocrx_word' id='word_1_40' title='bbox 788 927 928 982; x_wconf 90' lang='lat' dir='ltr'>nostro</span> <span class='ocrx_word' id='word_1_41' title='bbox 945 903 1141 1013; x_wconf 87' lang='lat' dir='ltr'>Pompeio</span> <span class='ocrx_word' id='word_1_42' title='bbox 1164 904 1306 986; x_wconf 88' lang='lat' dir='ltr'>Fructo</span> 
     </span>
     <span class='ocr_line' id='line_1_7' title="bbox 143 1015 1308 1124; baseline 0.002 -26"><span class='ocrx_word' id='word_1_43' title='bbox 143 1075 176 1118; x_wconf 89' lang='lat'>„</span> <span class='ocrx_word' id='word_1_44' title='bbox 198 1021 399 1122; x_wconf 81' lang='lat' dir='ltr'>originem</span> <span class='ocrx_word' id='word_1_45' title='bbox 416 1017 572 1096; x_wconf 83' lang='lat' dir='ltr'>traxisse</span> <span class='ocrx_word' id='word_1_46' title='bbox 591 1051 600 1096; x_wconf 74' lang='grc' dir='ltr'><strong><em>ε</em></strong></span> <span class='ocrx_word' id='word_1_47' title='bbox 621 1015 731 1124; x_wconf 91' lang='lat' dir='ltr'>quod</span> <span class='ocrx_word' id='word_1_48' title='bbox 747 1041 1026 1097; x_wconf 90' lang='lat' dir='ltr'>commentum</span> <span class='ocrx_word' id='word_1_49' title='bbox 1039 1025 1100 1099; x_wconf 89' lang='lat' dir='ltr'>vel</span> <span class='ocrx_word' id='word_1_50' title='bbox 1118 1021 1183 1099; x_wconf 87' lang='lat' dir='ltr'>hic</span> <span class='ocrx_word' id='word_1_51' title='bbox 1199 1021 1308 1100; x_wconf 88' lang='lat' dir='ltr'>idern</span> 
     </span>
     <span class='ocr_line' id='line_1_8' title="bbox 143 1133 1306 1245; baseline 0.001 -32"><span class='ocrx_word' id='word_1_52' title='bbox 143 1189 176 1232; x_wconf 87' lang='lat'>‚‚</span> <span class='ocrx_word' id='word_1_53' title='bbox 198 1137 294 1244; x_wconf 80' lang='lat' dir='ltr'>lapis</span> <span class='ocrx_word' id='word_1_54' title='bbox 328 1134 471 1212; x_wconf 83' lang='lat' dir='ltr'>evertit</span> <span class='ocrx_word' id='word_1_55' title='bbox 493 1163 502 1210; x_wconf 76' lang='grc' dir='ltr'><strong>ι</strong></span> <span class='ocrx_word' id='word_1_56' title='bbox 525 1155 619 1210; x_wconf 88' lang='lat' dir='ltr'>nam</span> <span class='ocrx_word' id='word_1_57' title='bbox 650 1159 696 1210; x_wconf 84' lang='lat' dir='ltr'>ex</span> <span class='ocrx_word' id='word_1_58' title='bbox 728 1133 814 1240; x_wconf 90' lang='lat' dir='ltr'>ipso</span> <span class='ocrx_word' id='word_1_59' title='bbox 845 1155 1032 1231; x_wconf 86' lang='lat' dir='ltr'>constat,</span> <span class='ocrx_word' id='word_1_60' title='bbox 1067 1135 1306 1245; x_wconf 88' lang='lat' dir='ltr'>Pompeium</span> 
     </span>
     <span class='ocr_line' id='line_1_9' title="bbox 143 1245 1309 1356; baseline 0 -28"><span class='ocrx_word' id='word_1_61' title='bbox 143 1301 177 1346; x_wconf 85' lang='lat'>‚‚</span> <span class='ocrx_word' id='word_1_62' title='bbox 195 1250 382 1330; x_wconf 86' lang='lat' dir='ltr'>Fructum</span> <span class='ocrx_word' id='word_1_63' title='bbox 396 1248 643 1328; x_wconf 89' lang='lat' dir='ltr'>Toletanum</span> <span class='ocrx_word' id='word_1_64' title='bbox 658 1246 740 1325; x_wconf 88' lang='lat' dir='ltr'>sine</span> <span class='ocrx_word' id='word_1_65' title='bbox 758 1247 894 1326; x_wconf 83' lang='lat' dir='ltr'>liberis</span> <span class='ocrx_word' id='word_1_66' title='bbox 919 1245 1152 1347; x_wconf 87' lang='lat' dir='ltr'>decessisse,</span> <span class='ocrx_word' id='word_1_67' title='bbox 1183 1275 1309 1356; x_wconf 90' lang='lat' dir='ltr'>quum</span> 
     </span>
     <span class='ocr_line' id='line_1_10' title="bbox 144 1359 1308 1460; baseline -0.002 -16"><span class='ocrx_word' id='word_1_68' title='bbox 144 1363 384 1460; x_wconf 81' lang='lat' dir='ltr'>„heredem</span> <span class='ocrx_word' id='word_1_69' title='bbox 419 1361 558 1441; x_wconf 89' lang='lat' dir='ltr'>fecerit</span> <span class='ocrx_word' id='word_1_70' title='bbox 581 1359 816 1439; x_wconf 88' lang='lat' dir='ltr'>Terentium</span> <span class='ocrx_word' id='word_1_71' title='bbox 845 1362 1047 1440; x_wconf 82' lang='lat' dir='ltr'>Passinuna</span> <span class='ocrx_word' id='word_1_72' title='bbox 1077 1387 1308 1444; x_wconf 86' lang='lat' dir='ltr'>extraneum</span> 
     </span>
     <span class='ocr_line' id='line_1_11' title="bbox 143 1473 1308 1581; baseline -0.001 -25"><span class='ocrx_word' id='word_1_73' title='bbox 143 1531 177 1573; x_wconf 86' lang='lat'><em>„</em></span> <span class='ocrx_word' id='word_1_74' title='bbox 197 1479 407 1556; x_wconf 89' lang='lat' dir='ltr'>hominem</span> <span class='ocrx_word' id='word_1_75' title='bbox 426 1531 441 1574; x_wconf 91' lang='lat'><strong><em>,</em></strong></span> <span class='ocrx_word' id='word_1_76' title='bbox 473 1475 539 1581; x_wconf 93' lang='lat' dir='ltr'>qui</span> <span class='ocrx_word' id='word_1_77' title='bbox 569 1473 698 1554; x_wconf 90' lang='lat' dir='ltr'>Fructi</span> <span class='ocrx_word' id='word_1_78' title='bbox 726 1497 897 1554; x_wconf 86' lang='lat' dir='ltr'>matrem</span> <span class='ocrx_word' id='word_1_79' title='bbox 916 1477 1171 1556; x_wconf 86' lang='lat' dir='ltr'>Fortunatam</span> <span class='ocrx_word' id='word_1_80' title='bbox 1191 1499 1308 1558; x_wconf 87' lang='lat' dir='ltr'>vocat</span> 
     </span>
     <span class='ocr_line' id='line_1_12' title="bbox 144 1591 1308 1695; baseline -0.001 -24"><span class='ocrx_word' id='word_1_81' title='bbox 144 1645 177 1691; x_wconf 84' lang='lat'>‚‚</span> <span class='ocrx_word' id='word_1_82' title='bbox 196 1615 355 1671; x_wconf 76' lang='lat' dir='ltr'>matrem</span> <span class='ocrx_word' id='word_1_83' title='bbox 373 1597 479 1688; x_wconf 80' lang='lat' dir='ltr'>eius,</span> <span class='ocrx_word' id='word_1_84' title='bbox 498 1615 581 1668; x_wconf 91' lang='lat' dir='ltr'>non</span> <span class='ocrx_word' id='word_1_85' title='bbox 598 1615 727 1672; x_wconf 78' lang='lat' dir='ltr'>suam:</span> <span class='ocrx_word' id='word_1_86' title='bbox 747 1610 787 1670; x_wconf 89' lang='lat' dir='ltr'>et</span> <span class='ocrx_word' id='word_1_87' title='bbox 806 1591 984 1695; x_wconf 81' lang='lat' dir='ltr'>alioquin</span> <span class='ocrx_word' id='word_1_88' title='bbox 999 1618 1081 1670; x_wconf 88' lang='lat' dir='ltr'>non</span> <span class='ocrx_word' id='word_1_89' title='bbox 1101 1593 1308 1672; x_wconf 86' lang='lat' dir='ltr'>omitteret</span> 
     </span>
     <span class='ocr_line' id='line_1_13' title="bbox 145 1703 1308 1803; baseline -0.003 -18"><span class='ocrx_word' id='word_1_90' title='bbox 145 1757 178 1803; x_wconf 84' lang='lat'>„</span> <span class='ocrx_word' id='word_1_91' title='bbox 196 1706 357 1803; x_wconf 85' lang='lat' dir='ltr'>dicere,</span> <span class='ocrx_word' id='word_1_92' title='bbox 376 1731 414 1782; x_wconf 89' lang='lat' dir='ltr'>se</span> <span class='ocrx_word' id='word_1_93' title='bbox 437 1703 566 1784; x_wconf 91' lang='lat' dir='ltr'>Fructi</span> <span class='ocrx_word' id='word_1_94' title='bbox 595 1703 757 1799; x_wconf 84' lang='lat' dir='ltr'>filium,</span> <span class='ocrx_word' id='word_1_95' title='bbox 784 1705 816 1781; x_wconf 89' lang='lat' dir='ltr'>si</span> <span class='ocrx_word' id='word_1_96' title='bbox 846 1708 933 1782; x_wconf 87' lang='lat' dir='ltr'>talis</span> <span class='ocrx_word' id='word_1_97' title='bbox 960 1707 1094 1783; x_wconf 87' lang='lat' dir='ltr'>fuisset</span> <span class='ocrx_word' id='word_1_98' title='bbox 1097 1761 1192 1786; x_wconf 86' lang='grc'><strong>.....</strong></span> <span class='ocrx_word' id='word_1_99' title='bbox 1212 1709 1308 1787; x_wconf 73' lang='lat' dir='ltr'>viu</span> 
     </span>
     <span class='ocr_line' id='line_1_14' title="bbox 145 1815 1308 1936; baseline 0.001 -37"><span class='ocrx_word' id='word_1_100' title='bbox 145 1874 179 1919; x_wconf 83' lang='lat'>‚‚</span> <span class='ocrx_word' id='word_1_101' title='bbox 198 1821 290 1900; x_wconf 90' lang='lat' dir='ltr'>Nic.</span> <span class='ocrx_word' id='word_1_102' title='bbox 315 1819 544 1900; x_wconf 86' lang='lat' dir='ltr'>Antonium</span> <span class='ocrx_word' id='word_1_103' title='bbox 571 1829 679 1896; x_wconf 86' lang='lat' dir='ltr'>Cens.</span> <span class='ocrx_word' id='word_1_104' title='bbox 701 1817 745 1898; x_wconf 89' lang='lat' dir='ltr'>de</span> <span class='ocrx_word' id='word_1_105' title='bbox 771 1823 880 1897; x_wconf 86' lang='lat' dir='ltr'>Hist.</span> <span class='ocrx_word' id='word_1_106' title='bbox 902 1815 995 1898; x_wconf 68' lang='lat' dir='ltr'>aab.</span> <span class='ocrx_word' id='word_1_107' title='bbox 1017 1817 1083 1899; x_wconf 86' lang='lat' dir='ltr'>lib.</span> <span class='ocrx_word' id='word_1_108' title='bbox 1100 1849 1162 1917; x_wconf 86' lang='lat'>14.</span> <span class='ocrx_word' id='word_1_109' title='bbox 1180 1847 1259 1936; x_wconf 78' lang='lat' dir='ltr'>cap.</span> <span class='ocrx_word' id='word_1_110' title='bbox 1273 1831 1308 1911; x_wconf 80' lang='lat'>3&#39;.</span> 
     </span>
     <span class='ocr_line' id='line_1_15' title="bbox 143 1943 375 2036; baseline -0.026 0"><span class='ocrx_word' id='word_1_111' title='bbox 143 1987 177 2036; x_wconf 76' lang='lat' dir='ltr'>ss</span> <span class='ocrx_word' id='word_1_112' title='bbox 199 1951 228 2030; x_wconf 82' lang='lat'>§-</span> <span class='ocrx_word' id='word_1_113' title='bbox 254 1943 337 2014; x_wconf 79' lang='lat'>¹·“</span> <span class='ocrx_word' id='word_1_114' title='bbox 364 1960 375 1975; x_wconf 81' lang='lat'>&#39;</span> 
     </span>
    </p>

    <p class='ocr_par' dir='ltr' id='par_1_3' title="bbox 146 2048 1419 3076">
     <span class='ocr_line' id='line_1_16' title="bbox 204 2048 1309 2156; baseline 0.001 -27"><span class='ocrx_word' id='word_1_115' title='bbox 204 2051 266 2129; x_wconf 88' lang='lat' dir='ltr'>De</span> <span class='ocrx_word' id='word_1_116' title='bbox 287 2077 390 2130; x_wconf 82' lang='lat' dir='ltr'>num.</span> <span class='ocrx_word' id='word_1_117' title='bbox 409 2075 472 2144; x_wconf 90' lang='lat'>37.</span> <span class='ocrx_word' id='word_1_118' title='bbox 491 2048 594 2130; x_wconf 89' lang='lat' dir='ltr'>nihil</span> <span class='ocrx_word' id='word_1_119' title='bbox 620 2072 708 2145; x_wconf 81' lang='lat' dir='ltr'>est,</span> <span class='ocrx_word' id='word_1_120' title='bbox 734 2049 904 2155; x_wconf 84' lang='lat' dir='ltr'>quod-in</span> <span class='ocrx_word' id='word_1_121' title='bbox 924 2050 1140 2156; x_wconf 89' lang='lat' dir='ltr'>praesentia</span> <span class='ocrx_word' id='word_1_122' title='bbox 1159 2049 1309 2150; x_wconf 81' lang='lat' dir='ltr'>dicam,</span> 
     </span>
     <span class='ocr_line' id='line_1_17' title="bbox 147 2164 1310 2273; baseline 0.001 -30"><span class='ocrx_word' id='word_1_123' title='bbox 147 2167 341 2273; x_wconf 90' lang='lat' dir='ltr'>quoniam</span> <span class='ocrx_word' id='word_1_124' title='bbox 367 2165 449 2241; x_wconf 89' lang='lat' dir='ltr'>iam</span> <span class='ocrx_word' id='word_1_125' title='bbox 465 2189 578 2271; x_wconf 85' lang='lat' dir='ltr'>supra</span> <span class='ocrx_word' id='word_1_126' title='bbox 594 2164 816 2258; x_wconf 88' lang='lat' dir='ltr'>vindicatus</span> <span class='ocrx_word' id='word_1_127' title='bbox 829 2185 886 2242; x_wconf 89' lang='lat' dir='ltr'>est</span> <span class='ocrx_word' id='word_1_128' title='bbox 906 2167 1152 2242; x_wconf 87' lang='lat' dir='ltr'>Finestresius</span> <span class='ocrx_word' id='word_1_129' title='bbox 1168 2167 1240 2244; x_wconf 89' lang='lat' dir='ltr'>ab</span> <span class='ocrx_word' id='word_1_130' title='bbox 1231 2193 1310 2244; x_wconf 85' lang='lat' dir='ltr'>tm-</span> 
     </span>
     <span class='ocr_line' id='line_1_18' title="bbox 146 2276 1309 2390; baseline 0.002 -32"><span class='ocrx_word' id='word_1_131' title='bbox 146 2279 385 2390; x_wconf 86' lang='lat' dir='ltr'>pugnatione</span> <span class='ocrx_word' id='word_1_132' title='bbox 384 2276 878 2374; x_wconf 85' lang='lat' dir='ltr'>Florezu,utv1debts1n</span> <span class='ocrx_word' id='word_1_133' title='bbox 892 2303 971 2389; x_wconf 78' lang='lat' dir='ltr'>cap</span> <span class='ocrx_word' id='word_1_134' title='bbox 962 2293 1045 2356; x_wconf 83' lang='lat' dir='ltr'><em>..ll</em></span> <span class='ocrx_word' id='word_1_135' title='bbox 1059 2307 1097 2356; x_wconf 84' lang='lat' dir='ltr'>n.</span> <span class='ocrx_word' id='word_1_136' title='bbox 1110 2306 1175 2369; x_wconf 85' lang='lat'>23.</span> <span class='ocrx_word' id='word_1_137' title='bbox 1192 2281 1309 2360; x_wconf 88' lang='lat' dir='ltr'>Nihil</span> 
     </span>
     <span class='ocr_line' id='line_1_19' title="bbox 148 2389 1310 2498; baseline 0 -24"><span class='ocrx_word' id='word_1_138' title='bbox 148 2398 270 2474; x_wconf 86' lang='lat' dir='ltr'>etiam</span> <span class='ocrx_word' id='word_1_139' title='bbox 294 2389 428 2472; x_wconf 85' lang='lat' dir='ltr'>dicam</span> <span class='ocrx_word' id='word_1_140' title='bbox 454 2391 503 2472; x_wconf 88' lang='lat' dir='ltr'>de</span> <span class='ocrx_word' id='word_1_141' title='bbox 524 2421 564 2470; x_wconf 85' lang='lat' dir='ltr'>n.</span> <span class='ocrx_word' id='word_1_142' title='bbox 583 2418 648 2482; x_wconf 87' lang='lat'>39.</span> <span class='ocrx_word' id='word_1_143' title='bbox 665 2423 711 2473; x_wconf 83' lang='lat' dir='ltr'>ex</span> <span class='ocrx_word' id='word_1_144' title='bbox 734 2419 815 2497; x_wconf 92' lang='lat' dir='ltr'>quo</span> <span class='ocrx_word' id='word_1_145' title='bbox 840 2398 1032 2493; x_wconf 82' lang='lat' dir='ltr'>colliges,</span> <span class='ocrx_word' id='word_1_146' title='bbox 1056 2417 1248 2498; x_wconf 87' lang='lat' dir='ltr'>quantum</span> <span class='ocrx_word' id='word_1_147' title='bbox 1271 2415 1310 2474; x_wconf 88' lang='lat' dir='ltr'>te</span> 
     </span>
     <span class='ocr_line' id='line_1_20' title="bbox 147 2507 1419 2613; baseline -0.009 -25"><span class='ocrx_word' id='word_1_148' title='bbox 147 2510 288 2588; x_wconf 88' lang='lat' dir='ltr'>debeat</span> <span class='ocrx_word' id='word_1_149' title='bbox 310 2507 545 2587; x_wconf 83' lang='lat' dir='ltr'>auctoritate</span> <span class='ocrx_word' id='word_1_150' title='bbox 571 2507 750 2608; x_wconf 86' lang='lat' dir='ltr'>frangere</span> <span class='ocrx_word' id='word_1_151' title='bbox 772 2507 1022 2584; x_wconf 87' lang='lat' dir='ltr'>Finestresius</span> <span class='ocrx_word' id='word_1_152' title='bbox 1035 2563 1050 2605; x_wconf 86' lang='lat'><em>,</em></span> <span class='ocrx_word' id='word_1_153' title='bbox 1073 2507 1143 2613; x_wconf 88' lang='lat' dir='ltr'>qui</span> <span class='ocrx_word' id='word_1_154' title='bbox 1165 2533 1311 2586; x_wconf 90' lang='lat' dir='ltr'>assum·</span> <span class='ocrx_word' id='word_1_155' title='bbox 1416 2571 1419 2577; x_wconf 88' lang='lat'>.</span> 
     </span>
     <span class='ocr_line' id='line_1_21' title="bbox 146 2619 1309 2752; baseline -0.001 -51"><span class='ocrx_word' id='word_1_156' title='bbox 146 2645 219 2733; x_wconf 90' lang='lat' dir='ltr'>pto</span> <span class='ocrx_word' id='word_1_157' title='bbox 237 2623 388 2704; x_wconf 87' lang='lat' dir='ltr'>vitioso</span> <span class='ocrx_word' id='word_1_158' title='bbox 400 2623 642 2752; x_wconf 29' lang='lat' dir='ltr'>‘apographo</span> <span class='ocrx_word' id='word_1_159' title='bbox 664 2649 708 2701; x_wconf 87' lang='lat' dir='ltr'>ex</span> <span class='ocrx_word' id='word_1_160' title='bbox 727 2619 981 2700; x_wconf 89' lang='lat' dir='ltr'>Thomasino</span> <span class='ocrx_word' id='word_1_161' title='bbox 999 2622 1188 2701; x_wconf 86' lang='lat' dir='ltr'>felicitate</span> <span class='ocrx_word' id='word_1_162' title='bbox 1215 2649 1309 2728; x_wconf 90' lang='lat' dir='ltr'>qua·</span> 
     </span>
     <span class='ocr_line' id='line_1_22' title="bbox 148 2734 1310 2838; baseline -0.001 -22"><span class='ocrx_word' id='word_1_163' title='bbox 148 2737 286 2816; x_wconf 89' lang='lat' dir='ltr'>darn</span> <span class='ocrx_word' id='word_1_164' title='bbox 275 2737 459 2838; x_wconf 76' lang='lat' dir='ltr'>ingenii,</span> <span class='ocrx_word' id='word_1_165' title='bbox 486 2735 567 2815; x_wconf 87' lang='lat' dir='ltr'>sive</span> <span class='ocrx_word' id='word_1_166' title='bbox 585 2737 764 2816; x_wconf 84' lang='lat' dir='ltr'>bonitate</span> <span class='ocrx_word' id='word_1_167' title='bbox 782 2755 939 2815; x_wconf 89' lang='lat' dir='ltr'>naturae</span> <span class='ocrx_word' id='word_1_168' title='bbox 960 2734 1189 2817; x_wconf 86' lang='lat' dir='ltr'>emendavit</span> <span class='ocrx_word' id='word_1_169' title='bbox 1212 2761 1310 2815; x_wconf 89' lang='lat' dir='ltr'>con-</span> 
     </span>
     <span class='ocr_line' id='line_1_23' title="bbox 150 2849 1311 2960; baseline 0.004 -32"><span class='ocrx_word' id='word_1_170' title='bbox 150 2851 339 2929; x_wconf 87' lang='lat' dir='ltr'>sentiente</span> <span class='ocrx_word' id='word_1_171' title='bbox 358 2850 575 2950; x_wconf 87' lang='lat' dir='ltr'>Florezio,</span> <span class='ocrx_word' id='word_1_172' title='bbox 607 2877 704 2960; x_wconf 88' lang='lat' dir='ltr'>quae</span> <span class='ocrx_word' id='word_1_173' title='bbox 731 2855 779 2931; x_wconf 91' lang='lat' dir='ltr'>ab</span> <span class='ocrx_word' id='word_1_174' title='bbox 808 2849 885 2930; x_wconf 85' lang='lat' dir='ltr'>itto</span> <span class='ocrx_word' id='word_1_175' title='bbox 903 2871 1062 2932; x_wconf 88' lang='lat' dir='ltr'>auctore</span> <span class='ocrx_word' id='word_1_176' title='bbox 1087 2852 1279 2931; x_wconf 89' lang='lat' dir='ltr'>fuerant</span> <span class='ocrx_word' id='word_1_177' title='bbox 1267 2878 1311 2933; x_wconf 82' lang='lat' dir='ltr'>tn</span> 
     </span>
     <span class='ocr_line' id='line_1_24' title="bbox 150 2963 699 3076; baseline 0.006 -32"><span class='ocrx_word' id='word_1_178' title='bbox 150 2963 451 3044; x_wconf 88' lang='lat' dir='ltr'>transcribendo</span> <span class='ocrx_word' id='word_1_179' title='bbox 477 2965 699 3076; x_wconf 87' lang='lat' dir='ltr'>depravata.</span> 
     </span>
    </p>
   </div>
   <div class='ocr_carea' id='block_1_3' title="bbox 146 3111 1313 3138">
    <p class='ocr_par' dir='ltr' id='par_1_4' title="bbox 146 3111 1313 3138">
     <span class='ocr_line' id='line_1_25' title="bbox 146 3111 1313 3138; baseline 0.005 -6"><span class='ocrx_word' id='word_1_180' title='bbox 146 3111 1313 3138; x_wconf 46' lang='lat' dir='ltr'>”nm—ffl—</span> 
     </span>
    </p>
   </div>
   <div class='ocr_carea' id='block_1_4' title="bbox 151 3168 1310 3342">
    <p class='ocr_par' dir='ltr' id='par_1_5' title="bbox 151 3168 1310 3342">
     <span class='ocr_line' id='line_1_26' title="bbox 191 3168 1310 3264; baseline 0.005 -33"><span class='ocrx_word' id='word_1_181' title='bbox 191 3178 207 3216; x_wconf 55' lang='grc' dir='ltr'>ὕ</span> <span class='ocrx_word' id='word_1_182' title='bbox 246 3171 413 3264; x_wconf 80' lang='lat' dir='ltr'>Segouiemr&#39;s</span> <span class='ocrx_word' id='word_1_183' title='bbox 432 3168 491 3228; x_wconf 83' lang='lat' dir='ltr'>sine</span> <span class='ocrx_word' id='word_1_184' title='bbox 509 3171 567 3230; x_wconf 86' lang='lat' dir='ltr'>ullo</span> <span class='ocrx_word' id='word_1_185' title='bbox 585 3174 671 3235; x_wconf 89' lang='lat' dir='ltr'>dubio</span> <span class='ocrx_word' id='word_1_186' title='bbox 687 3174 862 3260; x_wconf 82' lang='lat' dir='ltr'>legendum,</span> <span class='ocrx_word' id='word_1_187' title='bbox 880 3175 982 3258; x_wconf 91' lang='lat' dir='ltr'>quod</span> <span class='ocrx_word' id='word_1_188' title='bbox 974 3189 1032 3237; x_wconf 80' lang='lat' dir='ltr'>ram</span> <span class='ocrx_word' id='word_1_189' title='bbox 1049 3193 1095 3236; x_wconf 76' lang='lat' dir='ltr'>ne</span> <span class='ocrx_word' id='word_1_190' title='bbox 1113 3175 1224 3237; x_wconf 86' lang='lat' dir='ltr'>monuit</span> <span class='ocrx_word' id='word_1_191' title='bbox 1240 3195 1310 3257; x_wconf 83' lang='lat' dir='ltr'>pau·</span> 
     </span>
     <span class='ocr_line' id='line_1_27' title="bbox 151 3249 709 3342; baseline -0.002 -26"><span class='ocrx_word' id='word_1_192' title='bbox 151 3251 191 3316; x_wconf 84' lang='lat' dir='ltr'>cis</span> <span class='ocrx_word' id='word_1_193' title='bbox 208 3251 309 3315; x_wconf 83' lang='lat' dir='ltr'>abhinc</span> <span class='ocrx_word' id='word_1_194' title='bbox 327 3249 425 3316; x_wconf 82' lang='lat' dir='ltr'>diebus</span> <span class='ocrx_word' id='word_1_195' title='bbox 439 3249 632 3319; x_wconf 81' lang='lat' dir='ltr'>Finestresius.</span> <span class='ocrx_word' id='word_1_196' title='bbox 702 3329 709 3342; x_wconf 43' lang='lat'><strong>·</strong></span> 
     </span>
    </p>
   </div>
   <div class='ocr_carea' id='block_1_5' title="bbox 0 0 1629 4710">
    <p class='ocr_par' dir='ltr' id='par_1_6' title="bbox 0 0 1629 4710">
     <span class='ocr_line' id='line_1_28' title="bbox 0 0 1629 4710; baseline 0 0"><span class='ocrx_word' id='word_1_197' title='bbox 0 0 1629 4710; x_wconf 95' lang='lat' dir='ltr'> </span> 
     </span>
    </p>
   </div>
  </div>
 </body>
</html>
