3244 4710
321 297 423 410 21‘64
510 333 837 404 sruusrnustvs
859 333 1318 405 VINDIC.ACAP.-Xx11.

324 447 524 535 Cantaber
547 463 561 559 l
589 457 707 538 todos
740 465 801 539 los
832 463 1042 558 honores,
1077 461 1102 539 i.
1124 453 1353 568 queriend'o
1381 461 1491 541 hona·

315 621 355 664 .„
375 573 475 648 rarle
503 577 656 678 aquclla
689 573 876 674 Ciudad,
910 577 1145 656 decretaron
1163 582 1224 656 los
1244 576 1493 656 Decurioues

315 733 356 788 a>
375 685 535 786 erigirle
564 709 645 766 esta
675 693 915 769 memoriae
933 713 1041 770 costa
1072 692 1136 769 del
1168 694 1360 772 Publico:
1384 689 1493 768 todo

323 847 356 894 ‚,
375 801 418 876 lo
435 805 525 904 qual
544 804 788 902 engrandece
806 809 844 883 el
867 805 1016 884 merito
1042 803 1108 883 del
1139 827 1276 908 sugero
1298 856 1427 882 ......
1439 803 1493 898 Es

296 939 356 1031 J„
374 917 551 994 tambien
579 925 722 1024 prueba
751 919 817 1000 del
846 920 1003 1026 aprecio
1032 944 1201 1026 conque
1226 922 1408 998 miraban
1425 923 1493 996 los

316 1077 356 1123 .„
375 1053 663 1110 monumentos
691 1057 847 1140 pucstos
869 1060 918 1112 en
949 1032 1181 1134 Tarragona
1201 1067 1210 1112 t
1233 1059 1324 1142 pues
1346 1031 1493 1136 aiendo

315 1183 357 1236 2„
375 1142 587 1248 Segobriga
605 1146 761 1254 Capital
783 1148 830 1226 de
857 1155 894 1227 la
909 1145 1159 1245 Celtiberia,
1187 1177 1242 1228 no
1259 1175 1298 1226 se
1318 1169 1492 1232 conten÷

321 1305 357 1352 ,‚
377 1277 491 1337 taron
512 1288 589 1339 con
606 1263 766 1360 erigitle
784 1263 851 1341 alli
884 1268 921 1341 la
950 1264 1175 1360 memoria,
1207 1265 1296 1342 sino
1323 1265 1495 1369 ponerla

323 1421 357 1468 ‚,
373 1396 422 1451 en
439 1378 476 1451 la
490 1376 635 1454 Marriz
653 1376 702 1456 de
721 1378 834 1456 rodas
849 1382 904 1456 las
921 1378 1119 1478 Regiones
1134 1378 1183 1454 de
1198 1384 1234 1456 la
1251 1378 1400 1484 Espaira
1417 1373 1492 1452 Ci-

325 1539 358 1582 „
378 1488 515 1566 terior.
534 1497 566 1540 “
586 1489 670 1569 Cur
687 1519 767 1570 non
793 1491 900 1569 idem
933 1490 1012 1570 dici
1038 1513 1166 1598 potest
1196 1493 1243 1570 de
1271 1490 1492 1595 Scaphariis

326 1600 665 1699 Romulensibus,
696 1607 875 1711 quamvis
898 1605 960 1682 isti
989 1605 1245 1710 pertinuerint
1274 1604 1322 1682 ad
1347 1604 1492 1710 Hispa·¹

324 1715 437 1796 niam
472 1719 952 1826 Vlrerioremimilrique
984 1745 1085 1798 nunc
1118 1725 1342 1827 usurpab0,
1378 1714 1492 1823 quod

326 1828 578 1910 florezius
544 1857 623 1912 art·
655 1837 877 1914 remitiendo
894 1864 919 1911 a
935 1858 1038 1914 otrus
1060 1837 1324 1944 elaveriguar
1348 1835 1385 1910 el
1410 1861 1493 1914 mo

327 1949 437 2039 rivo,
463 1972 543 2057 cap.
532 1949 713 2029 scrlrcet
729 1963 871 2025 XIIII
895 1978 933 2025 n.
950 1979 989 2044 4.
1004 1951 1066 2026 ubr
1086 1953 1199 2028 haec
1191 1907 1412 2027 tnodebro
1430 1975 1493 2024 es
1568 2022 1569 2025 ,

329 2068 468 2138 tratiar
483 2067 495 2160 (
510 2063 769 2164 Muratorius)
788 2091 859 2172 que
870 2073 904 2140 T
905 2089 1095 2174 arraaona
1101 2087 1251 2175 putrere
1264 2085 1347 2142 esta
1360 2089 1493 2141 memo·

327 2176 390 2251 ria
405 2203 429 2250 a
446 2205 569 2254 varon
585 2177 629 2257 de
646 2183 855 2256 Provincia
869 2201 941 2256 tan
953 2178 1150 2276 distante,
1167 2207 1266 2257 como
1282 2177 1432 2254 Galicia
1447 2175 1494 2256 de

320 2295 584 2399 -Tarragona,
611 2281 837 2371 ‘remitiendo
854 2314 999 2372 notros
1011 2296 1048 2372 el
1058 2299 1266 2403 averiguar
1278 2293 1317 2370 el
1329 2295 1492 2370 motivo.

328 2407 587 2511 Quamquam
602 2433 684 2486 non
699 2408 847 2514 poterit
863 2433 948 2486 non
960 2414 1110 2487 subesse
1125 2433 1277 2504 caussa,
1291 2407 1320 2483 si
1338 2403 1492 2504 dicam,

325 2520 501 2599 “voluisse
525 2523 789 2602 Romulenses
812 2549 895 2601 non
913 2527 1045 2601 solum
1064 2522 1105 2602 in
1122 2522 1319 2603 Vlteriori
1346 2520 1495 2628 Hispa·

329 2636 423 2732 nia,
438 2634 504 2714 sed
519 2637 640 2714 ctiam
655 2639 697 2715 in
713 2637 1039 2730 celeb.tiori2,urbe
1057 2637 1178 2716 torius
1193 2635 1406 2739 Hispaniae
1418 2635 1495 2713 ci..
1610 2651 1611 2658 ’

321 2752 487 2830 terioris
506 2753 724 2856 relinquere
739 2774 970 2860 perpetuum
987 2751 1265 2830 iestimonium
1280 2752 1494 2832 observan-

321 2865 406 2942 tiae
435 2891 528 2963 erga
557 2869 845 2970 Imperatorem
874 2891 998 2942 suum.
1029 2864 1252 2942 Teneamus
1278 2884 1374 2960 ergo
1393 2886 1492 2942 curn
1610 2925 1611 2928 ,

332 2979 503 3056 Grutero
509 3005 599 3090 pag
621 2979 772 3056 scilicet
791 2991 1007 3056 CCLVIII.
1029 3003 1060 3054 ι.
1078 2963 1300 3056 Tarraconi
1321 2974 1493 3058 tribuen

325 3092 974 3221 damessehancinscriptionem.
1352 3110 1360 3130 l
1469 3130 1483 3167 [μ

322 3277 325 3284 .
405 3213 451 3291 Iu
480 3237 582 3290 num.
602 3234 665 3301 34.
683 3207 887 3286 Florezius
913 3204 1081 3286 discedit
1100 3233 1120 3284 a
1136 3204 1400 3290 Finestresio
1389 3231 1440 3284 ru
1450 3229 1492 3286 re

332 3330 422 3408 satis
452 3327 662 3421 involuta,
694 3346 808 3431 atque
839 3327 1032 3429 perplexa.
1063 3323 1278 3422 Quoniam
1294 3346 1493 3402 veronon

332 3445 456 3550 carpit
480 3439 780 3518 Cervarieusem
816 3437 1140 3532 Academicum,
1175 3463 1267 3515 eum
1303 3457 1344 3513 ut
1379 3461 1492 3515 sensu

323 3557 503 3647 ¹abundet
533 3579 605 3631 suo
632 3555 936 3660 permittemus:
958 3551 1121 3628 interim
1151 3550 1270 3628 illum
1298 3575 1389 3650 sua,
1418 3573 1492 3628 nos

331 3669 611 3751 Finesttesiana
642 3667 905 3745 delectabunt.
938 3665 1203 3744 Illudautem
1234 3665 1379 3770 maiori
1397 3691 1493 3744 ron·

331 3790 409 3866 cho
427 3785 670 3887 dignumque
700 3781 896 3861 cachinno
909 3835 923 3874 ,
952 3780 1071 3910 quod
1081 3781 1329 3858 Finestresius
1354 3779 1491 3910 exqui-

324 3901 448 3980 sitam
479 3921 780 4006 inscriptionem
807 3893 853 3972 P
884 3893 1002 3974 Hel
948 3898 1022 3976 lvu
1012 3895 1278 3976 Pertinacis
1289 3893 1487 4000 omiserit,

1324 4005 1436 4116 quod
