3244 4710
325 381 330 396 .
422 341 602 410 VOLVM.
633 339 778 406 llllllll.
804 337 916 405 HISP.
946 336 1073 408 SACR.
1242 321 1260 398 1.
1272 321 1339 416 49

180 469 292 572 locus
318 463 496 546 Suetonii
514 463 795 570 intelligendus
821 485 919 544 esset
937 463 1018 559 ita,
1043 481 1089 542 ut
1113 484 1253 542 vetum
1280 486 1341 540 es-

180 601 265 677 set,
294 581 435 661 Titum
456 569 664 690 in'septem
692 577 975 659 Consulatibus
1004 576 1119 656 fuisse
1139 574 1240 682 patri
1270 599 1342 656 suo

180 695 397 794 Collegam
413 696 455 775 in
471 695 698 777 Tribunitia
715 713 909 805 potestate
924 721 935 790 3
965 693 1062 772 haee
1079 692 1226 769 collata
1248 691 1341 767 fuis·

178 832 237 887 set
253 809 354 889 Tiro
370 835 475 890 anno
489 837 558 907 70.
588 835 670 892 nou
685 836 752 905 71.
771 829 911 892 contra
939 833 1056 915 quam
1085 801 1345 886 ostendemus

177 919 316 1032 postea
327 979 342 1022 ‚
373 945 412 1004 et
431 943 706 1034 contraquam
723 925 856 1004 inhoc
880 926 978 1004 loeo
1006 917 1179 1000 intendit
1199 918 1339 998 Flore-

179 1037 289 1116 zius:
308 1038 505 1160 siquidem
522 1061 579 1120 est
593 1061 746 1127 eertum
768 1063 875 1118 anno
890 1064 957 1133 70.
974 1034 1117 1116 Titum
1136 1033 1344 1140 Vespasia-

178 1177 275 1232 num
289 1150 501 1232 Caesarem
515 1153 731 1253 Collegam
757 1153 876 1232 fuisse
897 1149 998 1260 patri
1013 1165 1096 1230 'suo
1119 1149 1161 1228 in
1184 1145 1344 1228 Consu·

177 1269 294 1364 latu,
331 1287 374 1346 ut
402 1267 538 1347 videte
564 1268 659 1350 licet
692 1293 739 1344 ex
772 1265 892 1346 Fastis
921 1264 1208 1344 Consularibus
1236 1259 1345 1369 apud

179 1379 369 1460 eumdem
398 1381 625 1462 Florezium
655 1392 764 1462 Tum.
780 1393 887 1458 1111.
918 1393 1004 1492 Esp.
1024 1391 1116 1488 Sag.
1139 1401 1230 1566 paga
1246 1378 1344 1468 518.

178 1493 286 1596 Ergo
302 1517 455 1575 certum
481 1518 538 1576 est
550 1553 566 1596 ,
597 1497 738 1578 Titum
758 1494 799 1575 in
817 1497 944 1573 altero
960 1519 1005 1573 ex
1019 1513 1170 1601 septem
1224 1512 1350 1568 mrsu-¹

179 1612 324 1688 latibus
356 1615 490 1710 (anno
520 1613 780 1712 seilicet7o.)
813 1607 1028 1710 Collegam
1047 1607 1162 1686 luisse
1182 1602 1282 1712 patri
1298 1601 1342 1711 in

180 1746 346 1801 munere
361 1723 580 1823 Consulis,
611 1751 694 1803 non
715 1745 850 1801 tamen
864 1723 904 1800 in
918 1721 1147 1802 Tribuuitia
1167 1704 1346 1824 potesta'-¹

173 1856 242 1932 te:
268 1863 313 1914 ex
343 1865 424 1945 quo
453 1839 659 1920 evidenter
688 1837 970 1934 convincitur,
994 1859 1119 1914 aunos
1144 1830 1342 1926 Consula-¹

178 1969 240 2030 tus
252 1948 340 2029 Titi
353 1957 395 2034 in
413 1956 592 2035 Suetonii
607 1951 770 2036 laudato
787 1957 883 2034 loco
897 1977 983 2032 non
998 1975 1079 2030 esse
1097 1947 1353 2052 coniungenzs

169 2064 255 2163 ‘dos
286 2091 376 2144 cum
405 2071 516 2162 annis
544 2067 798 2148 Tribuuitiae
827 2066 1042 2172 potestatis.
1073 2061 1201 2162 Quod
1226 2063 1258 2142 si
1286 2061 1342 2142 ita

179 2175 267 2275 estfl,
297 2199 340 2256 ut
365 2201 422 2257 est
446 2183 671 2288 profecto,
703 2179 901 2257 incertum
927 2176 1087 2282 reliquit
1114 2176 1339 2278 Suetonius,

178 2313 262 2398 quo
277 2309 464 2401 tempore·
478 2295 595 2375 Titus
612 2292 782 2397 Collega
800 2289 975 2402 coeperit
991 2314 1072 2372 esse
1090 2289 1191 2397 petri
1209 2313 1281 2370 suo
1294 2289 1339 2370 in

178 2405 219 2486 T
219 2407 410 2488 ribunitia
426 2431 635 2517 potestate.
1332 2495 1337 2504 .

179 2579 184 2596 .
236 2521 357 2625 Finge
374 2551 477 2604 nunc
490 2581 506 2622 ,
534 2545 577 2603 ut
607 2514 798 2604 eumdem
823 2525 962 2602 locum
993 2518 1140 2600 diutius
1160 2535 1342 2621 urgeam5

176 2635 472 2744 imperatorem
493 2637 637 2719 Titum
659 2636 839 2718 Flavium
850 2636 1134 2744 Vespasianum
1150 2659 1253 2714 anno
1269 2625 1338 2728 78ss

170 2774 413 2844 ¹consortem
429 2755 591 2864 lmpetii
607 2753 681 2835 sibi
699 2751 906 2832 adscivisse
926 2751 1056 2830 lilium
1075 2747 1217 2829 Titum
1234 2777 1245 2844 3
1271 2770 1341 2826 eo-

168 2861 350 2970 ‘demque
361 2889 549 2975 tempore
565 2873 756 2955 collatam
778 2866 847 2946 isti
870 2869 941 2966 (ut
951 2865 1084 2946 moris
1094 2883 1177 2944 erat
1185 2919 1204 2961 ,
1218 2861 1345 2970 quum

178 2973 352 3094 Collega
368 2981 530 3088 Imperii
556 2984 857 3066 renuntiabatur
880 2980 1052 3089 aliquis)
1069 2976 1345 3088 Tribunitiam

170 3093 432 3200 potestatem.
461 3097 670 3178 Cettehae
686 3096 897 3206 hypothesi
924 3095 1131 3204 proposita
1150 3119 1260 3174 anuo
1269 3107 1344 3193 79'2

178 3227 295 3314 atque
309 3207 409 3288 adeo
423 3209 464 3288 in
478 3208 699 3290 Consulatu
727 3211 900 3320 septimo
914 3209 1038 3307 Titi,
1069 3214 1342 3287 numeraretur

168 3324 369 3404 ,secundus
383 3350 502 3406 annus
520 3326 771 3406 Tribuniriae
791 3326 996 3433 potestatis
1011 3321 1127 3418 Titi,
1154 3343 1344 3402 ettamen

163 3457 317 3552 ,lvemm
332 3441 464 3538 esset,
492 3437 1045 3548 quodSuetoniusaitseidm
1059 3438 1213 3548 Collega
1235 3460 1274 3518 et
1288 3442 1340 3540 ‚in

174 3548 406 3632 sribuniria
422 3577 647 3667 potestate,
673 3559 917 3666 etiuseptem
944 3549 1340 3656 consulatibusfuie

175 3665 289 3762 Quid
308 3666 428 3768 igitur
441 3671 648 3777 queritur,
677 3669 964 3777 quiddamst,
994 3667 1092 3775 quid
1109 3667 1339 3750 admiratus

176 3775 410 3884 Floteziusi
428 3784 536 3890 quasi
555 3785 641 3864 fieti
669 3811 755 3866 non
771 3805 901 3892 posset
913 3837 929 3886 ,
956 3805 1000 3862 ut
1026 3808 1119 3864 cum
1144 3781 1337 3866 Suetonio

172 3915 488 4004 componeretur
503 3899 695 3982 sententia
712 3896 946 3986 Finesttesii.
979 3901 1088 3994 Mine
1106 3922 1203 4013 puts
1221 3898 1264 3996 ¹si
1285 3891 1341 3994 ha

304 4063 306 4072 ·
1236 4011 1283 4094 de
